<?xml version="1.0" encoding="utf-8"?>
<marc:collection xmlns:marc="http://www.loc.gov/MARC21/slim"
	xmlns:xsi="http://www.w3.org/2001/XMLSchema-instance"
	xsi:schemaLocation="http://www.loc.gov/MARC21/slim http://www.loc.gov/standards/marcxml/schema/MARC21slim.xsd">
	<marc:record>
		<marc:leader>01101cam a2200277 i 4500</marc:leader>
		<marc:controlfield tag="001">260507</marc:controlfield>
		<marc:controlfield tag="005">20130320180218.0</marc:controlfield>
		<marc:controlfield tag="008">940627s1814    ir a          000 1 eng d</marc:controlfield>
		<marc:datafield ind1=" " ind2=" " tag="035">
			<marc:subfield code="a">(CStRLIN)PAUGEBA2773-B</marc:subfield>
		</marc:datafield>
		<marc:datafield ind1=" " ind2=" " tag="035">
			<marc:subfield code="9">EBA2773</marc:subfield>
		</marc:datafield>
		<marc:datafield ind1=" " ind2=" " tag="035">
			<marc:subfield code="a">1826926</marc:subfield>
		</marc:datafield>
		<marc:datafield ind1=" " ind2=" " tag="035">
			<marc:subfield code="a">(MediadbVoyBIBID)260507</marc:subfield>
		</marc:datafield>
		<marc:datafield ind1=" " ind2=" " tag="035">
			<marc:subfield code="a">(END)sm_pr4879_l85_t14_1814</marc:subfield>
		</marc:datafield>
		<marc:datafield ind1=" " ind2=" " tag="040">
			<marc:subfield code="a">PU</marc:subfield>
			<marc:subfield code="c">PU</marc:subfield>
		</marc:datafield>
		<marc:datafield ind1="1" ind2=" " tag="100">
			<marc:subfield code="a">Leadbeater, Mary</marc:subfield>
			<marc:subfield code="d">1758-1826.</marc:subfield>
		</marc:datafield>
		<marc:datafield ind1="1" ind2="0" tag="245">
			<marc:subfield code="a">Tales for cottagers :</marc:subfield>
			<marc:subfield code="b">accomodated to the present condition of the Irish peasantry /</marc:subfield>
			<marc:subfield code="c">by Mary Leadbetter and Elizabeth Shakleton.</marc:subfield>
		</marc:datafield>
		<marc:datafield ind1=" " ind2=" " tag="260">
			<marc:subfield code="a">Dublin :</marc:subfield>
			<marc:subfield code="b">Printed by J. Cumming,</marc:subfield>
			<marc:subfield code="c">1814.</marc:subfield>
			<marc:subfield code="a">[Dublin]</marc:subfield>
		</marc:datafield>
		<marc:datafield ind1=" " ind2=" " tag="300">
			<marc:subfield code="a">[2], 227 p., [1] leaf of plates :</marc:subfield>
			<marc:subfield code="b">ill. ;</marc:subfield>
			<marc:subfield code="c">20 cm.</marc:subfield>
			<marc:subfield code="a">[1 v.]</marc:subfield>
		</marc:datafield>
		<marc:datafield ind1="4" ind2=" " tag="510">
			<marc:subfield code="a">English novel, 1770-1829,</marc:subfield>
			<marc:subfield code="c">1814:37</marc:subfield>
		</marc:datafield>
		<marc:datafield ind1="4" ind2=" " tag="510">
			<marc:subfield code="a">Block, A. Engl. novel (2nd ed)</marc:subfield>
			<marc:subfield code="c">p.135.</marc:subfield>
		</marc:datafield>
		<marc:datafield ind1="4" ind2=" " tag="510">
			<marc:subfield code="a">Blain, V. Feminist companion to literature in English</marc:subfield>
			<marc:subfield code="c">p.639</marc:subfield>
		</marc:datafield>
		<marc:datafield ind1=" " ind2="4" tag="650">
			<marc:subfield code="a">CHR 1814</marc:subfield>
		</marc:datafield>
		<marc:datafield ind1="1" ind2="0" tag="700">
			<marc:subfield code="a">Shakleton, Elizabeth.</marc:subfield>
		</marc:datafield>
		<marc:datafield ind1="2" ind2=" " tag="710">
			<marc:subfield code="a">Early Novels</marc:subfield>
			<marc:subfield code="5">University of Pennsylvania</marc:subfield>
		</marc:datafield>
		<marc:datafield ind1="2" ind2=" " tag="710">
			<marc:subfield code="a">Collection of British and American Fiction, 1660-1830 (University of Pennsylvania)</marc:subfield>
			<marc:subfield code="9">University of Pennsylvania</marc:subfield>
		</marc:datafield>
		<marc:datafield ind1=" " ind2=" " tag="948">
			<marc:subfield code="a">jl</marc:subfield>
		</marc:datafield>
	</marc:record>