
	<marc:record>
		<marc:leader>01886cam a2200385i  4500</marc:leader>
		<marc:controlfield tag="001">260659</marc:controlfield>
		<marc:controlfield tag="005">20130228173243.0</marc:controlfield>
		<marc:controlfield tag="008">730504s1816    enk           00000 eng u</marc:controlfield>
		<marc:datafield ind1=" " ind2=" " tag="010">
			<marc:subfield code="a">17020576 </marc:subfield>
		</marc:datafield>
		<marc:datafield ind1=" " ind2=" " tag="035">
			<marc:subfield code="a">(PUVoyagerBIBID)8425</marc:subfield>
		</marc:datafield>
		<marc:datafield ind1=" " ind2=" " tag="035">
			<marc:subfield code="a">(CStRLIN)PAUG0616084-B</marc:subfield>
		</marc:datafield>
		<marc:datafield ind1=" " ind2=" " tag="035">
			<marc:subfield code="a">(CaOTULAS)185101585</marc:subfield>
		</marc:datafield>
		<marc:datafield ind1=" " ind2=" " tag="035">
			<marc:subfield code="9">AAA8680</marc:subfield>
		</marc:datafield>
		<marc:datafield ind1=" " ind2=" " tag="035">
			<marc:subfield code="a">(MediadbVoyBIBID)260659</marc:subfield>
		</marc:datafield>
		<marc:datafield ind1=" " ind2=" " tag="035">
			<marc:subfield code="a">(END)pr2043_w3_v1</marc:subfield>
		</marc:datafield>
		<marc:datafield ind1=" " ind2=" " tag="035">
			<marc:subfield code="a">(END)pr2043_w3_v2</marc:subfield>
		</marc:datafield>
		<marc:datafield ind1=" " ind2=" " tag="040">
			<marc:subfield code="c">OAU</marc:subfield>
			<marc:subfield code="d">PU</marc:subfield>
			<marc:subfield code="d">CStRLIN</marc:subfield>
		</marc:datafield>
		<marc:datafield ind1=" " ind2=" " tag="090">
			<marc:subfield code="a">PR2043</marc:subfield>
			<marc:subfield code="b">.W3</marc:subfield>
			<marc:subfield code="i">09/03/87 CT</marc:subfield>
		</marc:datafield>
		<marc:datafield ind1="1" ind2="0" tag="100">
			<marc:subfield code="a">Malory, Thomas</marc:subfield>
			<marc:subfield code="c">Sir,</marc:subfield>
			<marc:subfield code="d">15th cent.</marc:subfield>
		</marc:datafield>
		<marc:datafield ind1="1" ind2="4" tag="245">
			<marc:subfield code="a">The history of the renowned Prince Arthur, king of Britain;</marc:subfield>
			<marc:subfield code="b">with his life and death, and all his glorious battles.  Likewise, the noble acts and heroic deeds of his valiant knights of the Round Table.</marc:subfield>
		</marc:datafield>
		<marc:datafield ind1="0" ind2=" " tag="260">
			<marc:subfield code="a">London,</marc:subfield>
			<marc:subfield code="b">Printed for Walker and Edwards, etc.,</marc:subfield>
			<marc:subfield code="c">1816.</marc:subfield>
			<marc:subfield code="a">[London]</marc:subfield>
		</marc:datafield>
		<marc:datafield ind1=" " ind2=" " tag="300">
			<marc:subfield code="a">2 v. ;</marc:subfield>
			<marc:subfield code="b">fronts.</marc:subfield>
			<marc:subfield code="c">14 cm.</marc:subfield>
			<marc:subfield code="a">[2 v.]</marc:subfield>
		</marc:datafield>
		<marc:datafield ind1=" " ind2=" " tag="500">
			<marc:subfield code="a">Each volume has added t.-p. engraved.</marc:subfield>
		</marc:datafield>
		<marc:datafield ind1=" " ind2=" " tag="500">
			<marc:subfield code="a">First printed by Caxton in 1485.  The 2d edition was printed by Wynkyn de Worde in 1498.  A 3d edition was printed by Thomas East, but without date; after which no edition can be traced until that of 1634, of which the volume now before the reader is an exact reprint.  cf. Pref.</marc:subfield>
		</marc:datafield>
		<marc:datafield ind1=" " ind2=" " tag="500">
			<marc:subfield code="a">Printed for the last time in black letter in the year 1634 by William Stansby.</marc:subfield>
		</marc:datafield>
		<marc:datafield ind1=" " ind2="4" tag="650">
			<marc:subfield code="a">CHR 1816</marc:subfield>
		</marc:datafield>
		<marc:datafield ind1=" " ind2="4" tag="650">
			<marc:subfield code="a">PRO Burr, Charles W. (Charles Walts), 1861- (donor)</marc:subfield>
		</marc:datafield>
		<marc:datafield ind1="0" ind2="0" tag="700">
			<marc:subfield code="a">Arthur,</marc:subfield>
			<marc:subfield code="c">King (Romances, etc.)</marc:subfield>
		</marc:datafield>
		<marc:datafield ind1="2" ind2=" " tag="710">
			<marc:subfield code="a">Early Novels</marc:subfield>
			<marc:subfield code="5">University of Pennsylvania</marc:subfield>
		</marc:datafield>
		<marc:datafield ind1="2" ind2=" " tag="710">
			<marc:subfield code="a">Collection of British and American Fiction, 1660-1830 (University of Pennsylvania)</marc:subfield>
			<marc:subfield code="9">University of Pennsylvania</marc:subfield>
		</marc:datafield>
		<marc:datafield ind1="0" ind2=" " tag="852">
			<marc:subfield code="b">scrare</marc:subfield>
			<marc:subfield code="h">PR2043</marc:subfield>
			<marc:subfield code="i">.W3</marc:subfield>
		</marc:datafield>
		<marc:datafield ind1="4" ind2="1" tag="866">
			<marc:subfield code="8">0</marc:subfield>
			<marc:subfield code="a">v.1-2</marc:subfield>
		</marc:datafield>
		<marc:datafield ind1=" " ind2=" " tag="950">
			<marc:subfield code="l">RBC</marc:subfield>
			<marc:subfield code="f">Transfer</marc:subfield>
			<marc:subfield code="i">09/03/87 C ?100,260:rall</marc:subfield>
		</marc:datafield>
		<marc:datafield ind1=" " ind2=" " tag="955">
			<marc:subfield code="l">RBC</marc:subfield>
			<marc:subfield code="c">1:v.1</marc:subfield>
			<marc:subfield code="q">g.C.W. Burr</marc:subfield>
			<marc:subfield code="s">Tr. fr. Spec.</marc:subfield>
			<marc:subfield code="i">09/03/87 C</marc:subfield>
		</marc:datafield>
		<marc:datafield ind1=" " ind2=" " tag="955">
			<marc:subfield code="l">RBC</marc:subfield>
			<marc:subfield code="c">1:v.2</marc:subfield>
			<marc:subfield code="q">g.C.W. Burr</marc:subfield>
			<marc:subfield code="s">Tr. fr. Spec.</marc:subfield>
			<marc:subfield code="i">09/03/87 C</marc:subfield>
		</marc:datafield>
	</marc:record>