
	<marc:record>
		<marc:leader>01538cam a2200337i  4500</marc:leader>
		<marc:controlfield tag="001">260672</marc:controlfield>
		<marc:controlfield tag="005">20130215143433.0</marc:controlfield>
		<marc:controlfield tag="008">870427s1810    paua          00000 eng d</marc:controlfield>
		<marc:datafield ind1=" " ind2=" " tag="035">
			<marc:subfield code="a">(PUVoyagerBIBID)57480</marc:subfield>
		</marc:datafield>
		<marc:datafield ind1=" " ind2=" " tag="035">
			<marc:subfield code="a">(CStRLIN)PAUG87-B14469</marc:subfield>
		</marc:datafield>
		<marc:datafield ind1=" " ind2=" " tag="035">
			<marc:subfield code="a">(CaOTULAS)185026136</marc:subfield>
		</marc:datafield>
		<marc:datafield ind1=" " ind2=" " tag="035">
			<marc:subfield code="9">AAG6070</marc:subfield>
		</marc:datafield>
		<marc:datafield ind1=" " ind2=" " tag="035">
			<marc:subfield code="a">(MediadbVoyBIBID)260672</marc:subfield>
		</marc:datafield>
		<marc:datafield ind1=" " ind2=" " tag="035">
			<marc:subfield code="a">(END)pr4826_j65_b5_1810</marc:subfield>
		</marc:datafield>
		<marc:datafield ind1=" " ind2=" " tag="040">
			<marc:subfield code="a">PU</marc:subfield>
			<marc:subfield code="c">PU</marc:subfield>
		</marc:datafield>
		<marc:datafield ind1=" " ind2=" " tag="090">
			<marc:subfield code="a">PR4826.J65</marc:subfield>
			<marc:subfield code="b">B5 1810</marc:subfield>
			<marc:subfield code="i">04/27/87 CT</marc:subfield>
		</marc:datafield>
		<marc:datafield ind1="1" ind2=" " tag="100">
			<marc:subfield code="a">Johnson, R</marc:subfield>
			<marc:subfield code="q">(Richard),</marc:subfield>
			<marc:subfield code="d">1733 or 4-1793.</marc:subfield>
		</marc:datafield>
		<marc:datafield ind1="1" ind2="4" tag="245">
			<marc:subfield code="a">The blossoms of morality :</marc:subfield>
			<marc:subfield code="b">intended for the amusement and instruction of young ladies and gentlemen /</marc:subfield>
			<marc:subfield code="c">by the editor of The looking-glass for the mind.</marc:subfield>
		</marc:datafield>
		<marc:datafield ind1=" " ind2=" " tag="260">
			<marc:subfield code="a">Philadelphia :</marc:subfield>
			<marc:subfield code="b">Printed by Thomas and William Bradford,</marc:subfield>
			<marc:subfield code="c">1810.</marc:subfield>
			<marc:subfield code="a">[Philadelphia]</marc:subfield>
		</marc:datafield>
		<marc:datafield ind1=" " ind2=" " tag="300">
			<marc:subfield code="a">199, [5] p. (final page blank) :</marc:subfield>
			<marc:subfield code="b">ill. ;</marc:subfield>
			<marc:subfield code="c">18 cm.</marc:subfield>
			<marc:subfield code="a">[1 v.]</marc:subfield>
		</marc:datafield>
		<marc:datafield ind1=" " ind2=" " tag="500">
			<marc:subfield code="a">Published anonymously. Generally attributed to Richard Johnson, the printer.</marc:subfield>
		</marc:datafield>
		<marc:datafield ind1=" " ind2=" " tag="500">
			<marc:subfield code="a">\\\'The looking class for the mind\\\' was based on stories by M. Berquin, to whom this work is also often attributed.</marc:subfield>
		</marc:datafield>
		<marc:datafield ind1="4" ind2=" " tag="510">
			<marc:subfield code="a">Shaw &amp; Shoemaker</marc:subfield>
			<marc:subfield code="c">19507</marc:subfield>
		</marc:datafield>
		<marc:datafield ind1=" " ind2="4" tag="650">
			<marc:subfield code="a">CHR 1810</marc:subfield>
		</marc:datafield>
		<marc:datafield ind1=" " ind2="4" tag="650">
			<marc:subfield code="a">PRO Bull, Ann H. (autograph)</marc:subfield>
		</marc:datafield>
		<marc:datafield ind1="1" ind2=" " tag="700">
			<marc:subfield code="a">Berquin,</marc:subfield>
			<marc:subfield code="c">M.</marc:subfield>
			<marc:subfield code="q">(Arnaud),</marc:subfield>
			<marc:subfield code="d">1747-1791.</marc:subfield>
		</marc:datafield>
		<marc:datafield ind1="2" ind2=" " tag="710">
			<marc:subfield code="a">Early Novels</marc:subfield>
			<marc:subfield code="5">University of Pennsylvania</marc:subfield>
		</marc:datafield>
		<marc:datafield ind1="2" ind2=" " tag="710">
			<marc:subfield code="a">Collection of British and American Fiction, 1660-1830 (University of Pennsylvania)</marc:subfield>
			<marc:subfield code="9">University of Pennsylvania</marc:subfield>
		</marc:datafield>
		<marc:datafield ind1="0" ind2=" " tag="852">
			<marc:subfield code="b">scrare</marc:subfield>
			<marc:subfield code="h">PR4826.J65</marc:subfield>
			<marc:subfield code="i">B5 1810</marc:subfield>
		</marc:datafield>
		<marc:datafield ind1=" " ind2=" " tag="950">
			<marc:subfield code="l">RBC</marc:subfield>
			<marc:subfield code="i">04/27/87 C</marc:subfield>
		</marc:datafield>
		<marc:datafield ind1=" " ind2=" " tag="955">
			<marc:subfield code="l">RBC</marc:subfield>
			<marc:subfield code="c">1</marc:subfield>
			<marc:subfield code="q">411757</marc:subfield>
			<marc:subfield code="s">Ex libris Bull, Ann H. (autograph)</marc:subfield>
			<marc:subfield code="i">04/27/87 C</marc:subfield>
		</marc:datafield>
	</marc:record>