
	<marc:record>
		<marc:leader>02019cam a2200445   4500</marc:leader>
		<marc:controlfield tag="001">260678</marc:controlfield>
		<marc:controlfield tag="005">20130314151819.0</marc:controlfield>
		<marc:controlfield tag="008">860429s1742    enka          00011 eng  </marc:controlfield>
		<marc:datafield ind1=" " ind2=" " tag="010">
			<marc:subfield code="a">44012636 </marc:subfield>
		</marc:datafield>
		<marc:datafield ind1=" " ind2=" " tag="035">
			<marc:subfield code="a">(PUVoyagerBIBID)149468</marc:subfield>
		</marc:datafield>
		<marc:datafield ind1=" " ind2=" " tag="035">
			<marc:subfield code="a">(CStRLIN)PAUG86-B16525</marc:subfield>
		</marc:datafield>
		<marc:datafield ind1=" " ind2=" " tag="035">
			<marc:subfield code="a">(CaOTULAS)146820136</marc:subfield>
		</marc:datafield>
		<marc:datafield ind1=" " ind2=" " tag="035">
			<marc:subfield code="9">AAW6297</marc:subfield>
		</marc:datafield>
		<marc:datafield ind1=" " ind2=" " tag="035">
			<marc:subfield code="a">(MediadbVoyBIBID)260678</marc:subfield>
		</marc:datafield>
		<marc:datafield ind1=" " ind2=" " tag="035">
			<marc:subfield code="a">(END)folio_pq6329_a2_1742</marc:subfield>
		</marc:datafield>
		<marc:datafield ind1=" " ind2=" " tag="040">
			<marc:subfield code="c">PU</marc:subfield>
			<marc:subfield code="d">PU</marc:subfield>
		</marc:datafield>
		<marc:datafield ind1="1" ind2=" " tag="041">
			<marc:subfield code="a">eng</marc:subfield>
			<marc:subfield code="h">spa</marc:subfield>
		</marc:datafield>
		<marc:datafield ind1="0" ind2=" " tag="050">
			<marc:subfield code="a">PQ6329</marc:subfield>
			<marc:subfield code="b">.A2 1742</marc:subfield>
		</marc:datafield>
		<marc:datafield ind1=" " ind2=" " tag="090">
			<marc:subfield code="a">PQ6329</marc:subfield>
			<marc:subfield code="b">.A2 1742</marc:subfield>
			<marc:subfield code="i">04/29/86 CTZ</marc:subfield>
		</marc:datafield>
		<marc:datafield ind1="2" ind2=" " tag="100">
			<marc:subfield code="a">Cervantes Saavedra, Miguel de</marc:subfield>
			<marc:subfield code="d">1547-1616.</marc:subfield>
		</marc:datafield>
		<marc:datafield ind1="1" ind2="0" tag="240">
			<marc:subfield code="a">Don Quixote</marc:subfield>
			<marc:subfield code="l">English.</marc:subfield>
			<marc:subfield code="f">1742</marc:subfield>
		</marc:datafield>
		<marc:datafield ind1="1" ind2="4" tag="245">
			<marc:subfield code="a">The life and exploits of the ingenious gentleman Don Quixote de la Mancha.</marc:subfield>
			<marc:subfield code="c">Translated from the original Spanish of Miguel Cervantes de Saavedra. By Charles Jarvis, esq. ...</marc:subfield>
		</marc:datafield>
		<marc:datafield ind1=" " ind2=" " tag="260">
			<marc:subfield code="a">London :</marc:subfield>
			<marc:subfield code="b">J. and R. Tonson [etc.]</marc:subfield>
			<marc:subfield code="c">1742.</marc:subfield>
			<marc:subfield code="a">[London]</marc:subfield>
		</marc:datafield>
		<marc:datafield ind1=" " ind2=" " tag="300">
			<marc:subfield code="a">2 v. ;</marc:subfield>
			<marc:subfield code="b">ill. ;</marc:subfield>
			<marc:subfield code="c">30 cm. (4to)</marc:subfield>
			<marc:subfield code="a">[2 v.]</marc:subfield>
		</marc:datafield>
		<marc:datafield ind1=" " ind2=" " tag="500">
			<marc:subfield code="a">""The life of Michael de Cervantes Saavedra. Written by Don Gregorio Mayáns &amp; Siscár ... Translated, from the Spanish manuscript, by Mr. Ozell"" (vi p., 1  ., 90 p., with frontispiece and special t.-p. dated 1738) inserted in v. 1 following p. xxxii."</marc:subfield>
		</marc:datafield>
		<marc:datafield ind1="4" ind2=" " tag="510">
			<marc:subfield code="a">ESTC</marc:subfield>
			<marc:subfield code="c">T59882</marc:subfield>
		</marc:datafield>
		<marc:datafield ind1="4" ind2=" " tag="510">
			<marc:subfield code="a">Beasley, J.C.  Prose fiction pub. in England, 1740-1749,</marc:subfield>
			<marc:subfield code="c">100</marc:subfield>
		</marc:datafield>
		<marc:datafield ind1=" " ind2="4" tag="650">
			<marc:subfield code="a">CHR 1742</marc:subfield>
		</marc:datafield>
		<marc:datafield ind1=" " ind2="4" tag="650">
			<marc:subfield code="a">PRO Cullum, Thomas Gery, Rev. Sir bart. (bookplate)</marc:subfield>
		</marc:datafield>
		<marc:datafield ind1=" " ind2="4" tag="650">
			<marc:subfield code="a">PRO Booth, George (bookplate)</marc:subfield>
		</marc:datafield>
		<marc:datafield ind1="1" ind2=" " tag="700">
			<marc:subfield code="a">Jarvis, Charles,</marc:subfield>
			<marc:subfield code="d">1675?-1739.</marc:subfield>
			<marc:subfield code="e">tr.</marc:subfield>
		</marc:datafield>
		<marc:datafield ind1="2" ind2=" " tag="700">
			<marc:subfield code="a">Mayans y Siscar, Gregorio,</marc:subfield>
			<marc:subfield code="d">1699-1781.</marc:subfield>
			<marc:subfield code="t">Life of Michael de Cervantes Saavedra.</marc:subfield>
		</marc:datafield>
		<marc:datafield ind1="1" ind2=" " tag="700">
			<marc:subfield code="a">Ozell,</marc:subfield>
			<marc:subfield code="c">Mr.</marc:subfield>
			<marc:subfield code="q">(John),</marc:subfield>
			<marc:subfield code="d">d. 1743.</marc:subfield>
			<marc:subfield code="e">tr.</marc:subfield>
		</marc:datafield>
		<marc:datafield ind1="2" ind2=" " tag="710">
			<marc:subfield code="a">Early Novels</marc:subfield>
			<marc:subfield code="5">University of Pennsylvania</marc:subfield>
		</marc:datafield>
		<marc:datafield ind1="2" ind2=" " tag="710">
			<marc:subfield code="a">Collection of British and American Fiction, 1660-1830 (University of Pennsylvania)</marc:subfield>
			<marc:subfield code="9">University of Pennsylvania</marc:subfield>
		</marc:datafield>
		<marc:datafield ind1="0" ind2=" " tag="740">
			<marc:subfield code="a">Don Quixote.</marc:subfield>
		</marc:datafield>
		<marc:datafield ind1="0" ind2=" " tag="852">
			<marc:subfield code="b">scrare</marc:subfield>
			<marc:subfield code="k">Folio</marc:subfield>
			<marc:subfield code="h">PQ6329</marc:subfield>
			<marc:subfield code="i">.A2 1742</marc:subfield>
		</marc:datafield>
		<marc:datafield ind1="4" ind2="1" tag="866">
			<marc:subfield code="8">0</marc:subfield>
			<marc:subfield code="a">v.1-2</marc:subfield>
		</marc:datafield>
		<marc:datafield ind1=" " ind2=" " tag="950">
			<marc:subfield code="l">RBC</marc:subfield>
			<marc:subfield code="d">\\\\Folio\\\\</marc:subfield>
			<marc:subfield code="v">2 v.</marc:subfield>
			<marc:subfield code="i">04/29/86 C</marc:subfield>
		</marc:datafield>
		<marc:datafield ind1=" " ind2=" " tag="955">
			<marc:subfield code="l">RBC</marc:subfield>
			<marc:subfield code="c">1:(v.1-2)</marc:subfield>
			<marc:subfield code="q">51-2046F</marc:subfield>
			<marc:subfield code="i">04/29/86 C</marc:subfield>
		</marc:datafield>
	</marc:record>