
	<marc:record>
		<marc:leader>01342cam a2200325 a 4500</marc:leader>
		<marc:controlfield tag="001">260679</marc:controlfield>
		<marc:controlfield tag="005">20130222145401.0</marc:controlfield>
		<marc:controlfield tag="008">850916s1812    dcu           00011 eng d</marc:controlfield>
		<marc:datafield ind1=" " ind2=" " tag="035">
			<marc:subfield code="a">(PUVoyagerBIBID)192561</marc:subfield>
		</marc:datafield>
		<marc:datafield ind1=" " ind2=" " tag="035">
			<marc:subfield code="a">(CStRLIN)PAUG85-B32928</marc:subfield>
		</marc:datafield>
		<marc:datafield ind1=" " ind2=" " tag="035">
			<marc:subfield code="a">(CaOTULAS)121272628</marc:subfield>
		</marc:datafield>
		<marc:datafield ind1=" " ind2=" " tag="035">
			<marc:subfield code="9">ABB6830</marc:subfield>
		</marc:datafield>
		<marc:datafield ind1=" " ind2=" " tag="035">
			<marc:subfield code="a">(MediadbVoyBIBID)260679</marc:subfield>
		</marc:datafield>
		<marc:datafield ind1=" " ind2=" " tag="035">
			<marc:subfield code="a">(END)pr5115_o3_f3_1812</marc:subfield>
		</marc:datafield>
		<marc:datafield ind1=" " ind2=" " tag="040">
			<marc:subfield code="a">PU</marc:subfield>
			<marc:subfield code="c">PU</marc:subfield>
		</marc:datafield>
		<marc:datafield ind1=" " ind2=" " tag="090">
			<marc:subfield code="a">PR5115.O3</marc:subfield>
			<marc:subfield code="b">F3 1812</marc:subfield>
			<marc:subfield code="i">09/16/85 CT</marc:subfield>
		</marc:datafield>
		<marc:datafield ind1="1" ind2=" " tag="100">
			<marc:subfield code="a">Opie, Amelia Alderson</marc:subfield>
			<marc:subfield code="d">1769-1853.</marc:subfield>
		</marc:datafield>
		<marc:datafield ind1="1" ind2="4" tag="245">
			<marc:subfield code="a">The father and daughter :</marc:subfield>
			<marc:subfield code="b">a tale /</marc:subfield>
			<marc:subfield code="c">by Amelia Opie.</marc:subfield>
		</marc:datafield>
		<marc:datafield ind1=" " ind2=" " tag="260">
			<marc:subfield code="a">Georgetown :</marc:subfield>
			<marc:subfield code="b">Published by Joseph Milligan, and by William Cooper, Washington,</marc:subfield>
			<marc:subfield code="c">1812.</marc:subfield>
			<marc:subfield code="a">[Georgetown]</marc:subfield>
		</marc:datafield>
		<marc:datafield ind1=" " ind2=" " tag="300">
			<marc:subfield code="a">147, [1] p. ;</marc:subfield>
			<marc:subfield code="c">19 cm.</marc:subfield>
			<marc:subfield code="a">[1 v.]</marc:subfield>
		</marc:datafield>
		<marc:datafield ind1=" " ind2=" " tag="500">
			<marc:subfield code="a">Colophon: W. Cooper, printer.</marc:subfield>
		</marc:datafield>
		<marc:datafield ind1="4" ind2=" " tag="510">
			<marc:subfield code="a">Shaw &amp; Shoemaker</marc:subfield>
			<marc:subfield code="c">26347</marc:subfield>
		</marc:datafield>
		<marc:datafield ind1=" " ind2=" " tag="590">
			<marc:subfield code="a">With: The Rainbow, or Lights &amp; shadows of fashionable life.  Baltimore : Published by E.J. Coale &amp; Co. : W. Wooddy, printer, 1822.</marc:subfield>
		</marc:datafield>
		<marc:datafield ind1=" " ind2="4" tag="650">
			<marc:subfield code="a">CHR 1812</marc:subfield>
		</marc:datafield>
		<marc:datafield ind1=" " ind2="4" tag="650">
			<marc:subfield code="a">PRO Miller, Edward (autograph)</marc:subfield>
		</marc:datafield>
		<marc:datafield ind1="2" ind2=" " tag="710">
			<marc:subfield code="a">Early Novels</marc:subfield>
			<marc:subfield code="5">University of Pennsylvania</marc:subfield>
		</marc:datafield>
		<marc:datafield ind1="2" ind2=" " tag="710">
			<marc:subfield code="a">Collection of British and American Fiction, 1660-1830 (University of Pennsylvania)</marc:subfield>
			<marc:subfield code="9">University of Pennsylvania</marc:subfield>
		</marc:datafield>
		<marc:datafield ind1="0" ind2=" " tag="852">
			<marc:subfield code="b">scrare</marc:subfield>
			<marc:subfield code="h">PR5115.O3</marc:subfield>
			<marc:subfield code="i">F3 1812</marc:subfield>
		</marc:datafield>
		<marc:datafield ind1=" " ind2=" " tag="950">
			<marc:subfield code="l">RBC</marc:subfield>
			<marc:subfield code="i">09/16/85 C</marc:subfield>
		</marc:datafield>
		<marc:datafield ind1=" " ind2=" " tag="955">
			<marc:subfield code="l">RBC</marc:subfield>
			<marc:subfield code="c">1</marc:subfield>
			<marc:subfield code="q">391176</marc:subfield>
			<marc:subfield code="s">Ex libris: Miller, Edward (autograph)</marc:subfield>
			<marc:subfield code="i">09/16/85 C</marc:subfield>
		</marc:datafield>
	</marc:record>