
	<marc:record>
		<marc:leader>02206cam a2200481   4500</marc:leader>
		<marc:controlfield tag="001">260681</marc:controlfield>
		<marc:controlfield tag="005">20130301152027.0</marc:controlfield>
		<marc:controlfield tag="008">851010m18171827enkc          00010 eng  </marc:controlfield>
		<marc:datafield ind1=" " ind2=" " tag="010">
			<marc:subfield code="a">17001470 </marc:subfield>
		</marc:datafield>
		<marc:datafield ind1=" " ind2=" " tag="035">
			<marc:subfield code="a">(PUVoyagerBIBID)194454</marc:subfield>
		</marc:datafield>
		<marc:datafield ind1=" " ind2=" " tag="035">
			<marc:subfield code="a">(CStRLIN)PAUG85-B36091</marc:subfield>
		</marc:datafield>
		<marc:datafield ind1=" " ind2=" " tag="035">
			<marc:subfield code="a">(CaOTULAS)121274692</marc:subfield>
		</marc:datafield>
		<marc:datafield ind1=" " ind2=" " tag="035">
			<marc:subfield code="9">ABB8895</marc:subfield>
		</marc:datafield>
		<marc:datafield ind1=" " ind2=" " tag="035">
			<marc:subfield code="a">(MediadbVoyBIBID)260681</marc:subfield>
		</marc:datafield>
		<marc:datafield ind1=" " ind2=" " tag="035">
			<marc:subfield code="a">(END)pn2598_r9_a3_1817</marc:subfield>
		</marc:datafield>
		<marc:datafield ind1=" " ind2=" " tag="040">
			<marc:subfield code="c">PU</marc:subfield>
			<marc:subfield code="d">PU</marc:subfield>
		</marc:datafield>
		<marc:datafield ind1="0" ind2=" " tag="050">
			<marc:subfield code="a">PN2598.R9</marc:subfield>
			<marc:subfield code="b">A3 1817</marc:subfield>
		</marc:datafield>
		<marc:datafield ind1=" " ind2=" " tag="090">
			<marc:subfield code="a">PN2598.R9</marc:subfield>
			<marc:subfield code="b">A3 1817</marc:subfield>
			<marc:subfield code="i">10/10/85 CT</marc:subfield>
		</marc:datafield>
		<marc:datafield ind1="1" ind2="0" tag="100">
			<marc:subfield code="a">Ryley, S. W</marc:subfield>
			<marc:subfield code="q">(Samuel William),</marc:subfield>
			<marc:subfield code="d">1759-1837.</marc:subfield>
		</marc:datafield>
		<marc:datafield ind1="1" ind2="4" tag="245">
			<marc:subfield code="a">The Itinerant; or, Memoirs of an actor ...</marc:subfield>
			<marc:subfield code="c">By S. W. Ryley ...</marc:subfield>
		</marc:datafield>
		<marc:datafield ind1="3" ind2="0" tag="246">
			<marc:subfield code="a">Memoirs of an actor</marc:subfield>
		</marc:datafield>
		<marc:datafield ind1="0" ind2=" " tag="260">
			<marc:subfield code="a">London,</marc:subfield>
			<marc:subfield code="b">Printed for Sherwood, Neely, &amp; Jones,</marc:subfield>
			<marc:subfield code="c">1817-27.</marc:subfield>
			<marc:subfield code="a">[London]</marc:subfield>
		</marc:datafield>
		<marc:datafield ind1=" " ind2=" " tag="300">
			<marc:subfield code="a">9 v. ;</marc:subfield>
			<marc:subfield code="b">port.</marc:subfield>
			<marc:subfield code="c">20 cm.</marc:subfield>
			<marc:subfield code="a">[9 v.]</marc:subfield>
		</marc:datafield>
		<marc:datafield ind1=" " ind2=" " tag="500">
			<marc:subfield code="a">Pub. in 3 series of 3 vols. each. v. 1-3, 2d edition of 1st ser. v. 7-9 [3d ser.] have title: The Itinerant, in Scotland.</marc:subfield>
		</marc:datafield>
		<marc:datafield ind1=" " ind2=" " tag="500">
			<marc:subfield code="a">""\\\'The Itinerant\\\' purports to be in some respects autobiographical ... It is fashioned in part upon \\\'Tristram Shandy,\\\' and in part upon Tate Wilkinson\\\'s \\\'Memoir of his own life,\\\' and \\\'Wandering patentee.\\\'""--Dict. nat. biog."</marc:subfield>
		</marc:datafield>
		<marc:datafield ind1=" " ind2=" " tag="500">
			<marc:subfield code="a">Advertisements at end of vol. 1.</marc:subfield>
		</marc:datafield>
		<marc:datafield ind1="4" ind2=" " tag="510">
			<marc:subfield code="a">English novel, 1770-1829,</marc:subfield>
			<marc:subfield code="c">1808:93 (note)</marc:subfield>
		</marc:datafield>
		<marc:datafield ind1="4" ind2=" " tag="510">
			<marc:subfield code="a">Block, A.  Engl. novel (1961 ed.),</marc:subfield>
			<marc:subfield code="c">p.203</marc:subfield>
		</marc:datafield>
		<marc:datafield ind1=" " ind2=" " tag="590">
			<marc:subfield code="a">RBC copy imperfect: vols. 4-9 wanting.</marc:subfield>
		</marc:datafield>
		<marc:datafield ind1=" " ind2=" " tag="590">
			<marc:subfield code="a">Forrest copy imperfect: vols. 4-9 wanting.</marc:subfield>
		</marc:datafield>
		<marc:datafield ind1=" " ind2="0" tag="650">
			<marc:subfield code="a">Actors</marc:subfield>
			<marc:subfield code="x">Correspondence, reminiscences, etc.</marc:subfield>
		</marc:datafield>
		<marc:datafield ind1=" " ind2="4" tag="650">
			<marc:subfield code="a">CHR 1817-27</marc:subfield>
		</marc:datafield>
		<marc:datafield ind1=" " ind2="4" tag="650">
			<marc:subfield code="a">PRO Forrest, Edwin, Estate of (donor) (Forrest copy)</marc:subfield>
		</marc:datafield>
		<marc:datafield ind1=" " ind2="4" tag="650">
			<marc:subfield code="a">PRO Forrest, Edwin, 1806-1872 (Autograph) (Forrest copy)</marc:subfield>
		</marc:datafield>
		<marc:datafield ind1=" " ind2="4" tag="650">
			<marc:subfield code="a">PRO Van Schaick(?), J. B. (autograph) (Forrest copy)</marc:subfield>
		</marc:datafield>
		<marc:datafield ind1=" " ind2="7" tag="656">
			<marc:subfield code="a">Advertisements</marc:subfield>
			<marc:subfield code="z">England</marc:subfield>
			<marc:subfield code="z">London</marc:subfield>
			<marc:subfield code="y">19th century.</marc:subfield>
			<marc:subfield code="2">rbgenr</marc:subfield>
		</marc:datafield>
		<marc:datafield ind1="2" ind2=" " tag="710">
			<marc:subfield code="a">Early Novels</marc:subfield>
			<marc:subfield code="5">University of Pennsylvania</marc:subfield>
		</marc:datafield>
		<marc:datafield ind1="2" ind2=" " tag="710">
			<marc:subfield code="a">Collection of British and American Fiction, 1660-1830 (University of Pennsylvania)</marc:subfield>
			<marc:subfield code="9">University of Pennsylvania</marc:subfield>
		</marc:datafield>
		<marc:datafield ind1="0" ind2=" " tag="852">
			<marc:subfield code="b">scrare</marc:subfield>
			<marc:subfield code="h">PN2598.R9</marc:subfield>
			<marc:subfield code="i">A3 1817</marc:subfield>
		</marc:datafield>
		<marc:datafield ind1="4" ind2="1" tag="866">
			<marc:subfield code="8">0</marc:subfield>
			<marc:subfield code="a">v.1-3</marc:subfield>
		</marc:datafield>
		<marc:datafield ind1=" " ind2=" " tag="948">
			<marc:subfield code="a">xx</marc:subfield>
			<marc:subfield code="a">add:rk</marc:subfield>
		</marc:datafield>
		<marc:datafield ind1=" " ind2=" " tag="950">
			<marc:subfield code="l">RBC</marc:subfield>
			<marc:subfield code="v">v.1-3</marc:subfield>
			<marc:subfield code="i">10/10/85 C</marc:subfield>
		</marc:datafield>
		<marc:datafield ind1=" " ind2=" " tag="955">
			<marc:subfield code="l">RBC</marc:subfield>
			<marc:subfield code="c">1:(v.1-3)</marc:subfield>
			<marc:subfield code="q">296185-7</marc:subfield>
			<marc:subfield code="i">10/10/85 C</marc:subfield>
		</marc:datafield>
	</marc:record>