
	<marc:record>
		<marc:leader>01695cam a2200385 a 4500</marc:leader>
		<marc:controlfield tag="001">260728</marc:controlfield>
		<marc:controlfield tag="005">20130227141247.0</marc:controlfield>
		<marc:controlfield tag="008">821117s1819    pau           00000 eng d</marc:controlfield>
		<marc:datafield ind1=" " ind2=" " tag="035">
			<marc:subfield code="a">(PUVoyagerBIBID)306753</marc:subfield>
		</marc:datafield>
		<marc:datafield ind1=" " ind2=" " tag="035">
			<marc:subfield code="a">(CStRLIN)PAUG82-B32071</marc:subfield>
		</marc:datafield>
		<marc:datafield ind1=" " ind2=" " tag="035">
			<marc:subfield code="a">(CaOTULAS)105125257</marc:subfield>
		</marc:datafield>
		<marc:datafield ind1=" " ind2=" " tag="035">
			<marc:subfield code="9">ABQ9711</marc:subfield>
		</marc:datafield>
		<marc:datafield ind1=" " ind2=" " tag="035">
			<marc:subfield code="a">(MediadbVoyBIBID)260728</marc:subfield>
		</marc:datafield>
		<marc:datafield ind1=" " ind2=" " tag="035">
			<marc:subfield code="a">(END)f158_44_w3</marc:subfield>
		</marc:datafield>
		<marc:datafield ind1=" " ind2=" " tag="040">
			<marc:subfield code="a">PU</marc:subfield>
			<marc:subfield code="c">PU</marc:subfield>
		</marc:datafield>
		<marc:datafield ind1=" " ind2=" " tag="043">
			<marc:subfield code="a">n-us-pa</marc:subfield>
		</marc:datafield>
		<marc:datafield ind1=" " ind2=" " tag="090">
			<marc:subfield code="a">F158.44</marc:subfield>
			<marc:subfield code="b">W3</marc:subfield>
			<marc:subfield code="i">11/17/82 CT</marc:subfield>
		</marc:datafield>
		<marc:datafield ind1="1" ind2=" " tag="100">
			<marc:subfield code="a">Waln, Robert</marc:subfield>
			<marc:subfield code="d">1794-1825.</marc:subfield>
		</marc:datafield>
		<marc:datafield ind1="1" ind2="4" tag="245">
			<marc:subfield code="a">The hermit in America on a visit to Philadelphia :</marc:subfield>
			<marc:subfield code="b">containing some account of the human leeches, belles, beaux, coquettes, dandies, cotillion parties, supper parties, tea parties, &amp;c. &amp;c. of that famous city, and the poets and painters of America /</marc:subfield>
			<marc:subfield code="c">edited by Peter Atall, Esq.</marc:subfield>
		</marc:datafield>
		<marc:datafield ind1=" " ind2=" " tag="250">
			<marc:subfield code="a">Second edition, with corrections and additions.</marc:subfield>
		</marc:datafield>
		<marc:datafield ind1=" " ind2=" " tag="260">
			<marc:subfield code="a">Philadelphia :</marc:subfield>
			<marc:subfield code="b">Published by M. Thomas,</marc:subfield>
			<marc:subfield code="c">1819.</marc:subfield>
			<marc:subfield code="a">[Philadelphia]</marc:subfield>
		</marc:datafield>
		<marc:datafield ind1=" " ind2=" " tag="300">
			<marc:subfield code="a">viii, [9]-246, [3] p. :</marc:subfield>
			<marc:subfield code="b">ill. ;</marc:subfield>
			<marc:subfield code="c">20 cm.</marc:subfield>
			<marc:subfield code="a">[1 v.]</marc:subfield>
		</marc:datafield>
		<marc:datafield ind1=" " ind2=" " tag="500">
			<marc:subfield code="a">The statement of responsibility appears after the edition statement.</marc:subfield>
		</marc:datafield>
		<marc:datafield ind1=" " ind2=" " tag="500">
			<marc:subfield code="a">""Embellished with four engravings."</marc:subfield>
		</marc:datafield>
		<marc:datafield ind1="4" ind2=" " tag="510">
			<marc:subfield code="a">Shaw and Shoemaker</marc:subfield>
			<marc:subfield code="c">34342</marc:subfield>
		</marc:datafield>
		<marc:datafield ind1="4" ind2=" " tag="510">
			<marc:subfield code="a">Wright, L.H.  Amer. fiction, 1774-1850 (2nd ed.),</marc:subfield>
			<marc:subfield code="c">2649</marc:subfield>
		</marc:datafield>
		<marc:datafield ind1=" " ind2=" " tag="590">
			<marc:subfield code="a">Imperfect: Lacking engravings.</marc:subfield>
		</marc:datafield>
		<marc:datafield ind1=" " ind2="4" tag="650">
			<marc:subfield code="a">CHR 1819</marc:subfield>
		</marc:datafield>
		<marc:datafield ind1=" " ind2="4" tag="650">
			<marc:subfield code="a">PRO History Dept. (donor)</marc:subfield>
		</marc:datafield>
		<marc:datafield ind1=" " ind2="0" tag="651">
			<marc:subfield code="a">Philadelphia (Pa.)</marc:subfield>
			<marc:subfield code="x">Description and travel.</marc:subfield>
		</marc:datafield>
		<marc:datafield ind1="2" ind2=" " tag="710">
			<marc:subfield code="a">Early Novels</marc:subfield>
			<marc:subfield code="5">University of Pennsylvania</marc:subfield>
		</marc:datafield>
		<marc:datafield ind1="2" ind2=" " tag="710">
			<marc:subfield code="a">Collection of British and American Fiction, 1660-1830 (University of Pennsylvania)</marc:subfield>
			<marc:subfield code="9">University of Pennsylvania</marc:subfield>
		</marc:datafield>
		<marc:datafield ind1="0" ind2=" " tag="852">
			<marc:subfield code="b">scrare</marc:subfield>
			<marc:subfield code="h">F158.44</marc:subfield>
			<marc:subfield code="i">W3</marc:subfield>
		</marc:datafield>
		<marc:datafield ind1=" " ind2=" " tag="950">
			<marc:subfield code="l">RBC</marc:subfield>
			<marc:subfield code="i">11/17/82 C</marc:subfield>
		</marc:datafield>
		<marc:datafield ind1=" " ind2=" " tag="955">
			<marc:subfield code="l">RBC</marc:subfield>
			<marc:subfield code="c">1</marc:subfield>
			<marc:subfield code="q">g.Hist.Dept.</marc:subfield>
			<marc:subfield code="i">11/17/82 C</marc:subfield>
		</marc:datafield>
	</marc:record>