
	<marc:record>
		<marc:leader>01355cam a2200361 i 4500</marc:leader>
		<marc:controlfield tag="001">260733</marc:controlfield>
		<marc:controlfield tag="005">20130320174336.0</marc:controlfield>
		<marc:controlfield tag="008">811120s1816    riu           00001 eng  </marc:controlfield>
		<marc:datafield ind1=" " ind2=" " tag="010">
			<marc:subfield code="a">06045534 </marc:subfield>
		</marc:datafield>
		<marc:datafield ind1=" " ind2=" " tag="035">
			<marc:subfield code="a">(PUVoyagerBIBID)348947</marc:subfield>
		</marc:datafield>
		<marc:datafield ind1=" " ind2=" " tag="035">
			<marc:subfield code="a">(CStRLIN)PAUG81-B7956</marc:subfield>
		</marc:datafield>
		<marc:datafield ind1=" " ind2=" " tag="035">
			<marc:subfield code="a">(CaOTULAS)105185441</marc:subfield>
		</marc:datafield>
		<marc:datafield ind1=" " ind2=" " tag="035">
			<marc:subfield code="9">ABV4441</marc:subfield>
		</marc:datafield>
		<marc:datafield ind1=" " ind2=" " tag="035">
			<marc:subfield code="a">(MediadbVoyBIBID)260733</marc:subfield>
		</marc:datafield>
		<marc:datafield ind1=" " ind2=" " tag="035">
			<marc:subfield code="a">(END)pr3499_g77_s65_1816_v1</marc:subfield>
		</marc:datafield>
		<marc:datafield ind1=" " ind2=" " tag="035">
			<marc:subfield code="a">(END)pr3499_g77_s65_1816_v2</marc:subfield>
		</marc:datafield>
		<marc:datafield ind1=" " ind2=" " tag="040">
			<marc:subfield code="c">PU</marc:subfield>
		</marc:datafield>
		<marc:datafield ind1="0" ind2=" " tag="050">
			<marc:subfield code="a">PZ3.G7873</marc:subfield>
			<marc:subfield code="b">S2</marc:subfield>
		</marc:datafield>
		<marc:datafield ind1=" " ind2=" " tag="090">
			<marc:subfield code="a">PR3499.G77</marc:subfield>
			<marc:subfield code="b">S65 1816</marc:subfield>
			<marc:subfield code="i">12/02/81 CT</marc:subfield>
		</marc:datafield>
		<marc:datafield ind1="1" ind2=" " tag="100">
			<marc:subfield code="a">Graves, Richard</marc:subfield>
			<marc:subfield code="d">1715-1804.</marc:subfield>
		</marc:datafield>
		<marc:datafield ind1="1" ind2="4" tag="245">
			<marc:subfield code="a">The spiritual Quixote,</marc:subfield>
			<marc:subfield code="b">or, The summer\\\'s ramble of Mr. Geoffry Wildgoose. A comic romance. To which is prefixed the life of the author.</marc:subfield>
		</marc:datafield>
		<marc:datafield ind1=" " ind2=" " tag="250">
			<marc:subfield code="a">1st American from the London ed.</marc:subfield>
			<marc:subfield code="b">First edition.</marc:subfield>
		</marc:datafield>
		<marc:datafield ind1=" " ind2=" " tag="260">
			<marc:subfield code="a">Providence, R.I.,</marc:subfield>
			<marc:subfield code="b">Robinson &amp; Howland [etc.]</marc:subfield>
			<marc:subfield code="c">1816.</marc:subfield>
			<marc:subfield code="a">[Providence, RI]</marc:subfield>
		</marc:datafield>
		<marc:datafield ind1=" " ind2=" " tag="300">
			<marc:subfield code="a">2 v. ;</marc:subfield>
			<marc:subfield code="c">14 cm.</marc:subfield>
			<marc:subfield code="a">[2 v.]</marc:subfield>
		</marc:datafield>
		<marc:datafield ind1="4" ind2=" " tag="510">
			<marc:subfield code="a">Shaw &amp; Shoemaker</marc:subfield>
			<marc:subfield code="c">37743</marc:subfield>
		</marc:datafield>
		<marc:datafield ind1=" " ind2="4" tag="650">
			<marc:subfield code="a">CHR 1816</marc:subfield>
		</marc:datafield>
		<marc:datafield ind1="2" ind2=" " tag="710">
			<marc:subfield code="a">Early Novels</marc:subfield>
			<marc:subfield code="5">University of Pennsylvania</marc:subfield>
		</marc:datafield>
		<marc:datafield ind1="2" ind2=" " tag="710">
			<marc:subfield code="a">Collection of British and American Fiction, 1660-1830 (University of Pennsylvania)</marc:subfield>
			<marc:subfield code="9">University of Pennsylvania</marc:subfield>
		</marc:datafield>
		<marc:datafield ind1="0" ind2=" " tag="852">
			<marc:subfield code="b">scrare</marc:subfield>
			<marc:subfield code="h">PR3499.G77</marc:subfield>
			<marc:subfield code="i">S65 1816</marc:subfield>
		</marc:datafield>
		<marc:datafield ind1="4" ind2="1" tag="866">
			<marc:subfield code="8">0</marc:subfield>
			<marc:subfield code="a">v.1-2</marc:subfield>
		</marc:datafield>
		<marc:datafield ind1=" " ind2=" " tag="950">
			<marc:subfield code="l">RBC</marc:subfield>
			<marc:subfield code="v">2 v.</marc:subfield>
			<marc:subfield code="i">12/02/81 C</marc:subfield>
		</marc:datafield>
		<marc:datafield ind1=" " ind2=" " tag="955">
			<marc:subfield code="l">RBC</marc:subfield>
			<marc:subfield code="c">1:v.1</marc:subfield>
			<marc:subfield code="q">17095</marc:subfield>
			<marc:subfield code="h">11/20/81 C</marc:subfield>
		</marc:datafield>
		<marc:datafield ind1=" " ind2=" " tag="955">
			<marc:subfield code="l">RBC</marc:subfield>
			<marc:subfield code="c">1:v.2</marc:subfield>
			<marc:subfield code="q">17096</marc:subfield>
			<marc:subfield code="h">11/20/81 C</marc:subfield>
		</marc:datafield>
	</marc:record>