
	<marc:record>
		<marc:leader>01616cam a2200361 i 4500</marc:leader>
		<marc:controlfield tag="001">260738</marc:controlfield>
		<marc:controlfield tag="005">20130215162359.0</marc:controlfield>
		<marc:controlfield tag="008">800515s1819    enk           00001 eng d</marc:controlfield>
		<marc:datafield ind1=" " ind2=" " tag="035">
			<marc:subfield code="a">(PUVoyagerBIBID)455808</marc:subfield>
		</marc:datafield>
		<marc:datafield ind1=" " ind2=" " tag="035">
			<marc:subfield code="a">(CStRLIN)PAUG15844803-B</marc:subfield>
		</marc:datafield>
		<marc:datafield ind1=" " ind2=" " tag="035">
			<marc:subfield code="a">(CaOTULAS)105234540</marc:subfield>
		</marc:datafield>
		<marc:datafield ind1=" " ind2=" " tag="035">
			<marc:subfield code="9">ACG8164</marc:subfield>
		</marc:datafield>
		<marc:datafield ind1=" " ind2=" " tag="035">
			<marc:subfield code="a">(MediadbVoyBIBID)260738</marc:subfield>
		</marc:datafield>
		<marc:datafield ind1=" " ind2=" " tag="035">
			<marc:subfield code="a">(END)sm_pr4399_b5_c3_1819_v1</marc:subfield>
		</marc:datafield>
		<marc:datafield ind1=" " ind2=" " tag="035">
			<marc:subfield code="a">(END)sm_pr4399_b5_c3_1819_v2</marc:subfield>
		</marc:datafield>
		<marc:datafield ind1=" " ind2=" " tag="040">
			<marc:subfield code="a">PU</marc:subfield>
			<marc:subfield code="d">PU</marc:subfield>
		</marc:datafield>
		<marc:datafield ind1=" " ind2=" " tag="090">
			<marc:subfield code="i">05/15/80 CT</marc:subfield>
		</marc:datafield>
		<marc:datafield ind1="1" ind2="0" tag="100">
			<marc:subfield code="a">Byron, Medora Gordon</marc:subfield>
		</marc:datafield>
		<marc:datafield ind1="1" ind2="0" tag="245">
			<marc:subfield code="a">Celia in search of a husband /</marc:subfield>
			<marc:subfield code="c">By a modern antique.</marc:subfield>
		</marc:datafield>
		<marc:datafield ind1="3" ind2=" " tag="246">
			<marc:subfield code="a">Celia in search of a husband: by a modern antique. In two volumes. Third edition. Vol. I.</marc:subfield>
			<marc:subfield code="g">Full</marc:subfield>
			<marc:subfield code="x">Volume</marc:subfield>
			<marc:subfield code="g">Letter-press</marc:subfield>
		</marc:datafield>
		<marc:datafield ind1=" " ind2=" " tag="250">
			<marc:subfield code="a">Third edition.</marc:subfield>
			<marc:subfield code="b">Third edition</marc:subfield>
		</marc:datafield>
		<marc:datafield ind1="0" ind2=" " tag="260">
			<marc:subfield code="a">London :</marc:subfield>
			<marc:subfield code="b">Printed at the Minerva-Press for A. K. Newman and co.,</marc:subfield>
			<marc:subfield code="c">1819.</marc:subfield>
			<marc:subfield code="a">[London]</marc:subfield>
		</marc:datafield>
		<marc:datafield ind1=" " ind2=" " tag="300">
			<marc:subfield code="a">2 v. ;</marc:subfield>
			<marc:subfield code="c">18 cm.</marc:subfield>
			<marc:subfield code="x">Duodecimo</marc:subfield>
			<marc:subfield code="a">[2 v.]</marc:subfield>
		</marc:datafield>
		<marc:datafield ind1="4" ind2=" " tag="510">
			<marc:subfield code="a">Block, A. Engl. novel (2nd ed.)</marc:subfield>
			<marc:subfield code="c">p. 31.</marc:subfield>
		</marc:datafield>
		<marc:datafield ind1=" " ind2=" " tag="590">
			<marc:subfield code="a">This copy privately bound as 2 v. in 1.</marc:subfield>
		</marc:datafield>
		<marc:datafield ind1=" " ind2="4" tag="650">
			<marc:subfield code="a">CHR 1819</marc:subfield>
		</marc:datafield>
		<marc:datafield ind1="2" ind2=" " tag="710">
			<marc:subfield code="a">Early Novels</marc:subfield>
			<marc:subfield code="5">University of Pennsylvania</marc:subfield>
		</marc:datafield>
		<marc:datafield ind1="2" ind2=" " tag="710">
			<marc:subfield code="a">Collection of British and American Fiction, 1660-1830 (University of Pennsylvania)</marc:subfield>
			<marc:subfield code="9">University of Pennsylvania</marc:subfield>
		</marc:datafield>
		<marc:datafield ind1="0" ind2=" " tag="852">
			<marc:subfield code="b">scsing</marc:subfield>
			<marc:subfield code="h">PR4399.B5</marc:subfield>
			<marc:subfield code="i">C3 1819</marc:subfield>
			<marc:subfield code="x">50-638</marc:subfield>
			<marc:subfield code="x">recl. fr. EC8/B9960/809c/1819</marc:subfield>
			<marc:subfield code="x">in one volume</marc:subfield>
		</marc:datafield>
		<marc:datafield ind1="4" ind2="1" tag="866">
			<marc:subfield code="8">0</marc:subfield>
			<marc:subfield code="a">v.1-2</marc:subfield>
		</marc:datafield>
		<marc:datafield ind1=" " ind2=" " tag="948">
			<marc:subfield code="a">dkk</marc:subfield>
			<marc:subfield code="a">jl</marc:subfield>
		</marc:datafield>
		<marc:datafield ind1=" " ind2=" " tag="950">
			<marc:subfield code="l">RBC</marc:subfield>
			<marc:subfield code="b">\\\\EC8 B9960 809c 1819</marc:subfield>
			<marc:subfield code="e">\\\\\\\\Singer\\\\Menden-\\\\hall\\\\Coll.\\\\</marc:subfield>
			<marc:subfield code="n">\\\\This copy privately bound as 2 v. in 1.\\\\</marc:subfield>
			<marc:subfield code="n">\\\\This edition not known to Block or Blakey, The Minerva press.\\\\</marc:subfield>
			<marc:subfield code="i">05/15/80 C</marc:subfield>
		</marc:datafield>
		<marc:datafield ind1=" " ind2=" " tag="955">
			<marc:subfield code="l">RBC</marc:subfield>
			<marc:subfield code="c">1</marc:subfield>
			<marc:subfield code="q">50-638</marc:subfield>
			<marc:subfield code="i">05/15/80 C</marc:subfield>
		</marc:datafield>
	</marc:record>