
	<marc:record>
		<marc:leader>01553cam a2200385   4500</marc:leader>
		<marc:controlfield tag="001">260744</marc:controlfield>
		<marc:controlfield tag="005">20130404180246.0</marc:controlfield>
		<marc:controlfield tag="008">880321s1815    nyu           00010 eng  </marc:controlfield>
		<marc:datafield ind1=" " ind2=" " tag="035">
			<marc:subfield code="a">(PUVoyagerBIBID)574011</marc:subfield>
		</marc:datafield>
		<marc:datafield ind1=" " ind2=" " tag="035">
			<marc:subfield code="a">(CStRLIN)PAUG88-B12365</marc:subfield>
		</marc:datafield>
		<marc:datafield ind1=" " ind2=" " tag="035">
			<marc:subfield code="a">(CaOTULAS)185047227</marc:subfield>
		</marc:datafield>
		<marc:datafield ind1=" " ind2=" " tag="035">
			<marc:subfield code="9">ACW3571</marc:subfield>
		</marc:datafield>
		<marc:datafield ind1=" " ind2=" " tag="035">
			<marc:subfield code="a">(MediadbVoyBIBID)260744</marc:subfield>
		</marc:datafield>
		<marc:datafield ind1=" " ind2=" " tag="035">
			<marc:subfield code="a">(END)pr4525_c18_w6_1815_c2</marc:subfield>
		</marc:datafield>
		<marc:datafield ind1=" " ind2=" " tag="040">
			<marc:subfield code="a">PU</marc:subfield>
			<marc:subfield code="c">PU</marc:subfield>
		</marc:datafield>
		<marc:datafield ind1=" " ind2=" " tag="090">
			<marc:subfield code="a">PR4525.C18</marc:subfield>
			<marc:subfield code="b">W6 1815</marc:subfield>
			<marc:subfield code="i">03/21/88 CT</marc:subfield>
		</marc:datafield>
		<marc:datafield ind1="1" ind2=" " tag="100">
			<marc:subfield code="a">Cunningham, J. W</marc:subfield>
			<marc:subfield code="q">(John William),</marc:subfield>
			<marc:subfield code="d">1780-1861.</marc:subfield>
		</marc:datafield>
		<marc:datafield ind1="1" ind2="2" tag="245">
			<marc:subfield code="a">A world without souls ; and, The velvet cushion /</marc:subfield>
			<marc:subfield code="c">by J.W. Cunningham.</marc:subfield>
		</marc:datafield>
		<marc:datafield ind1=" " ind2=" " tag="260">
			<marc:subfield code="a">Albany :</marc:subfield>
			<marc:subfield code="b">Green &amp; Co.,</marc:subfield>
			<marc:subfield code="c">1815</marc:subfield>
			<marc:subfield code="a">[Albany]</marc:subfield>
		</marc:datafield>
		<marc:datafield ind1=" " ind2=" " tag="300">
			<marc:subfield code="a">vii, [8]-170, xii, 151 p. ;</marc:subfield>
			<marc:subfield code="c">16 cm.</marc:subfield>
			<marc:subfield code="a">[1 v.]</marc:subfield>
		</marc:datafield>
		<marc:datafield ind1=" " ind2=" " tag="500">
			<marc:subfield code="a">Each work has separate title page.</marc:subfield>
		</marc:datafield>
		<marc:datafield ind1="4" ind2=" " tag="510">
			<marc:subfield code="a">Shaw &amp; Shoemaker</marc:subfield>
			<marc:subfield code="c">34494</marc:subfield>
		</marc:datafield>
		<marc:datafield ind1=" " ind2=" " tag="590">
			<marc:subfield code="a">Imperfect: p. [i]-[ii] (3rd count) (full title to 2nd part) wanting.</marc:subfield>
		</marc:datafield>
		<marc:datafield ind1=" " ind2="4" tag="650">
			<marc:subfield code="a">CHR 1815</marc:subfield>
		</marc:datafield>
		<marc:datafield ind1=" " ind2="4" tag="650">
			<marc:subfield code="a">PRO Burr, Charles W. (Charles Walts), 1861- (donor)</marc:subfield>
		</marc:datafield>
		<marc:datafield ind1="1" ind2="2" tag="700">
			<marc:subfield code="a">Cunningham, J. W.</marc:subfield>
			<marc:subfield code="q">(John William),</marc:subfield>
			<marc:subfield code="d">1780-1861.</marc:subfield>
			<marc:subfield code="t">Velvet cushion.</marc:subfield>
			<marc:subfield code="f">1815.</marc:subfield>
		</marc:datafield>
		<marc:datafield ind1="2" ind2=" " tag="710">
			<marc:subfield code="a">Early Novels</marc:subfield>
			<marc:subfield code="5">University of Pennsylvania</marc:subfield>
		</marc:datafield>
		<marc:datafield ind1="2" ind2=" " tag="710">
			<marc:subfield code="a">Collection of British and American Fiction, 1660-1830 (University of Pennsylvania)</marc:subfield>
			<marc:subfield code="9">University of Pennsylvania</marc:subfield>
		</marc:datafield>
		<marc:datafield ind1="0" ind2=" " tag="740">
			<marc:subfield code="a">World without souls.</marc:subfield>
		</marc:datafield>
		<marc:datafield ind1="0" ind2=" " tag="740">
			<marc:subfield code="a">Velvet cushion.</marc:subfield>
		</marc:datafield>
		<marc:datafield ind1=" " ind2=" " tag="752">
			<marc:subfield code="a">United States</marc:subfield>
			<marc:subfield code="b">New York</marc:subfield>
			<marc:subfield code="d">Albany.</marc:subfield>
		</marc:datafield>
		<marc:datafield ind1="0" ind2=" " tag="852">
			<marc:subfield code="b">scrare</marc:subfield>
			<marc:subfield code="h">PR4525.C18</marc:subfield>
			<marc:subfield code="i">W6 1815</marc:subfield>
			<marc:subfield code="x">not on shelf as of 6/10/09. CA.</marc:subfield>
		</marc:datafield>
		<marc:datafield ind1=" " ind2=" " tag="950">
			<marc:subfield code="l">RBC</marc:subfield>
			<marc:subfield code="i">03/21/88 C</marc:subfield>
		</marc:datafield>
		<marc:datafield ind1=" " ind2=" " tag="955">
			<marc:subfield code="l">RBC</marc:subfield>
			<marc:subfield code="c">1</marc:subfield>
			<marc:subfield code="q">735545</marc:subfield>
			<marc:subfield code="i">03/21/88 C</marc:subfield>
		</marc:datafield>
		<marc:datafield ind1=" " ind2=" " tag="955">
			<marc:subfield code="l">RBC</marc:subfield>
			<marc:subfield code="c">2</marc:subfield>
			<marc:subfield code="q">g. Dr. Charles W. Burr</marc:subfield>
			<marc:subfield code="i">03/21/88 C</marc:subfield>
		</marc:datafield>
	</marc:record>