
	<marc:record>
		<marc:leader>03102cam a2200397 a 4500</marc:leader>
		<marc:controlfield tag="001">260749</marc:controlfield>
		<marc:controlfield tag="005">20130321163512.0</marc:controlfield>
		<marc:controlfield tag="008">890123s1814    stkacg        00110deng d</marc:controlfield>
		<marc:datafield ind1=" " ind2=" " tag="035">
			<marc:subfield code="a">(PUVoyagerBIBID)968707</marc:subfield>
		</marc:datafield>
		<marc:datafield ind1=" " ind2=" " tag="035">
			<marc:subfield code="a">(CStRLIN)PAUG89-B2613</marc:subfield>
		</marc:datafield>
		<marc:datafield ind1=" " ind2=" " tag="035">
			<marc:subfield code="a">(CaOTULAS)159524408</marc:subfield>
		</marc:datafield>
		<marc:datafield ind1=" " ind2=" " tag="035">
			<marc:subfield code="9">AFN4548</marc:subfield>
		</marc:datafield>
		<marc:datafield ind1=" " ind2=" " tag="035">
			<marc:subfield code="a">(MediadbVoyBIBID)260749</marc:subfield>
		</marc:datafield>
		<marc:datafield ind1=" " ind2=" " tag="035">
			<marc:subfield code="a">(END)rbc_pr3721_s5_1814</marc:subfield>
		</marc:datafield>
		<marc:datafield ind1=" " ind2=" " tag="040">
			<marc:subfield code="a">PU</marc:subfield>
			<marc:subfield code="c">PU</marc:subfield>
		</marc:datafield>
		<marc:datafield ind1=" " ind2="4" tag="050">
			<marc:subfield code="a">PR3721</marc:subfield>
			<marc:subfield code="b">.S5 1814</marc:subfield>
		</marc:datafield>
		<marc:datafield ind1=" " ind2=" " tag="090">
			<marc:subfield code="i">01/23/89 CT</marc:subfield>
		</marc:datafield>
		<marc:datafield ind1="1" ind2="0" tag="100">
			<marc:subfield code="a">Swift, Jonathan</marc:subfield>
			<marc:subfield code="d">1667-1745.</marc:subfield>
		</marc:datafield>
		<marc:datafield ind1="0" ind2="4" tag="245">
			<marc:subfield code="a">The works of Jonathan Swift D. D., Dean of St. patrick\\\'s, Dublin :</marc:subfield>
			<marc:subfield code="b">containing additional letters, tracts, and poems, not hitherto published /</marc:subfield>
			<marc:subfield code="c">with notes, and a life of the author, by Sir Walter Scott, bart.</marc:subfield>
		</marc:datafield>
		<marc:datafield ind1="0" ind2=" " tag="260">
			<marc:subfield code="a">Edinburgh :</marc:subfield>
			<marc:subfield code="b">Printed for Archibald Constable and Co. ; White, Cochrane, and Co., and Gale, Curtis, and Fenner, London ; and John Cumming, Dublin,</marc:subfield>
			<marc:subfield code="c">1814.</marc:subfield>
			<marc:subfield code="a">[Edinburgh]</marc:subfield>
		</marc:datafield>
		<marc:datafield ind1=" " ind2=" " tag="300">
			<marc:subfield code="a">19 v. :</marc:subfield>
			<marc:subfield code="b">ill., music, port. ;</marc:subfield>
			<marc:subfield code="c">22 cm.</marc:subfield>
			<marc:subfield code="a">[19 v.]</marc:subfield>
		</marc:datafield>
		<marc:datafield ind1="0" ind2=" " tag="505">
			<marc:subfield code="a">I. Memoirs of Jonathan Swift, D.D. Appendix -- II. Journal to Stella (Letters I-XXXVII) -- III. Journal to Stella (Letters XXXVIII-LXV) Tracts, political and historical, prior to the accession of George I. The examiner (no. XIII-XXVII) -- IV. Tracts, historical and political, during the reign of Queen Anne. The examiner (no. XXVIII-XLV) -- V-VI. Tracts, historical and political, during the reign of Queen Anne (continued) -- VII. Tracts relative to Ireland. The drapier\\\'s letters. Miscellaneous tracts upon Irish affairs -- VIII. Twelve sermons. Tracts in defence of Christianity. Tracts in support of the church establishment -- IX. Tracts in support of the church establishment (continued) Tracts on the test act. Miscellaneous essays -- X. Miscellaneous essays (continued) Political poetry, preceding 1715. Poems, chiefly relating to Irish politics. -- XI. Tale of a tub -- XII. Travels into several remote nations of the world, by Lemuel Gulliver. Directions to servants -- XIII. Miscellanies in prose by Mr. Pope, Dr. Arbuthnot, Mr. Gay, &amp;c. Prose miscellanies by Swift and Sheridan -- XIV. Miscellaneous poems. Poems addressed to Vanessa and Stella -- XV. Riddles by Dr. Swift and his friends. Poems composed at Market-Hill. Verses addressed to Swift and to his memory. Epistolary correspondence -- XVI-XIX. Epistolary correspondence. Index.</marc:subfield>
		</marc:datafield>
		<marc:datafield ind1="4" ind2=" " tag="510">
			<marc:subfield code="a">Teerink-Scouten</marc:subfield>
			<marc:subfield code="c">138.</marc:subfield>
		</marc:datafield>
		<marc:datafield ind1=" " ind2=" " tag="590">
			<marc:subfield code="a">Only vol. 11, copy 1 has a half-title.</marc:subfield>
		</marc:datafield>
		<marc:datafield ind1=" " ind2=" " tag="590">
			<marc:subfield code="a">Vol. 1, copy 2: portrait wanting.</marc:subfield>
		</marc:datafield>
		<marc:datafield ind1="1" ind2="0" tag="600">
			<marc:subfield code="a">Swift, Jonathan,</marc:subfield>
			<marc:subfield code="d">1667-1745.</marc:subfield>
		</marc:datafield>
		<marc:datafield ind1=" " ind2="4" tag="650">
			<marc:subfield code="a">CHR 1814</marc:subfield>
		</marc:datafield>
		<marc:datafield ind1=" " ind2="4" tag="650">
			<marc:subfield code="a">PRO Fox, Herbert, Dr. (donor) (copy 2)</marc:subfield>
		</marc:datafield>
		<marc:datafield ind1="1" ind2="0" tag="700">
			<marc:subfield code="a">Scott, Walter,</marc:subfield>
			<marc:subfield code="c">Sir,</marc:subfield>
			<marc:subfield code="d">1771-1832.</marc:subfield>
		</marc:datafield>
		<marc:datafield ind1="2" ind2=" " tag="710">
			<marc:subfield code="a">Early Novels</marc:subfield>
			<marc:subfield code="5">University of Pennsylvania</marc:subfield>
		</marc:datafield>
		<marc:datafield ind1="2" ind2=" " tag="710">
			<marc:subfield code="a">Collection of British and American Fiction, 1660-1830 (University of Pennsylvania)</marc:subfield>
			<marc:subfield code="9">University of Pennsylvania</marc:subfield>
		</marc:datafield>
		<marc:datafield ind1="0" ind2=" " tag="852">
			<marc:subfield code="b">scteer</marc:subfield>
			<marc:subfield code="h">PR3721</marc:subfield>
			<marc:subfield code="i">.S5 1814</marc:subfield>
			<marc:subfield code="x">56T-44</marc:subfield>
			<marc:subfield code="x">recl. fr. EC7 Sw555 C814w</marc:subfield>
		</marc:datafield>
		<marc:datafield ind1="4" ind2="1" tag="866">
			<marc:subfield code="8">0</marc:subfield>
			<marc:subfield code="a">v.1-19</marc:subfield>
		</marc:datafield>
		<marc:datafield ind1=" " ind2=" " tag="950">
			<marc:subfield code="l">RBC</marc:subfield>
			<marc:subfield code="b">\\\\Teerink EC7 Sw555 C814w\\\\</marc:subfield>
			<marc:subfield code="v">v.1-19</marc:subfield>
			<marc:subfield code="i">01/23/89 C</marc:subfield>
		</marc:datafield>
		<marc:datafield ind1=" " ind2=" " tag="955">
			<marc:subfield code="l">RBC</marc:subfield>
			<marc:subfield code="c">1:(v.1-19)</marc:subfield>
			<marc:subfield code="q">56T-44</marc:subfield>
			<marc:subfield code="i">01/23/89 C</marc:subfield>
		</marc:datafield>
		<marc:datafield ind1=" " ind2=" " tag="955">
			<marc:subfield code="l">RBC</marc:subfield>
			<marc:subfield code="c">2:(v.1-19)</marc:subfield>
			<marc:subfield code="q">756108-756126</marc:subfield>
			<marc:subfield code="i">01/23/89 C</marc:subfield>
		</marc:datafield>
	</marc:record>