
	<marc:record>
		<marc:leader>01702cam a2200385 i 4500</marc:leader>
		<marc:controlfield tag="001">260753</marc:controlfield>
		<marc:controlfield tag="005">20130320154719.0</marc:controlfield>
		<marc:controlfield tag="008">910304s1811    nyu           00010 eng d</marc:controlfield>
		<marc:datafield ind1=" " ind2=" " tag="035">
			<marc:subfield code="a">(PUVoyagerBIBID)1302826</marc:subfield>
		</marc:datafield>
		<marc:datafield ind1=" " ind2=" " tag="035">
			<marc:subfield code="a">(CStRLIN)PAUG91-B4908</marc:subfield>
		</marc:datafield>
		<marc:datafield ind1=" " ind2=" " tag="035">
			<marc:subfield code="9">AJR4753</marc:subfield>
		</marc:datafield>
		<marc:datafield ind1=" " ind2=" " tag="035">
			<marc:subfield code="a">(MediadbVoyBIBID)260753</marc:subfield>
		</marc:datafield>
		<marc:datafield ind1=" " ind2=" " tag="035">
			<marc:subfield code="a">(END)ps2409_m17_a7_1811</marc:subfield>
		</marc:datafield>
		<marc:datafield ind1=" " ind2=" " tag="040">
			<marc:subfield code="a">PU</marc:subfield>
			<marc:subfield code="c">PU</marc:subfield>
		</marc:datafield>
		<marc:datafield ind1=" " ind2=" " tag="090">
			<marc:subfield code="a">PS2409.M17</marc:subfield>
			<marc:subfield code="b">A7 1811</marc:subfield>
			<marc:subfield code="i">03/04/91 CT</marc:subfield>
		</marc:datafield>
		<marc:datafield ind1="0" ind2=" " tag="130">
			<marc:subfield code="a">Alonzo and Melissa.</marc:subfield>
		</marc:datafield>
		<marc:datafield ind1="1" ind2="2" tag="245">
			<marc:subfield code="a">A short account of the courtship of Alonzo &amp; Melissa :</marc:subfield>
			<marc:subfield code="b">setting forth their hardships and difficulties, caused by the barbarity of an unfeeling father /</marc:subfield>
			<marc:subfield code="c">by Daniel Jackson, Jun.</marc:subfield>
		</marc:datafield>
		<marc:datafield ind1=" " ind2=" " tag="260">
			<marc:subfield code="a">Plattsburgh [NY]</marc:subfield>
			<marc:subfield code="b">Printed for the proprietor,</marc:subfield>
			<marc:subfield code="c">1811.</marc:subfield>
			<marc:subfield code="a">[Plattsburgh, NY]</marc:subfield>
		</marc:datafield>
		<marc:datafield ind1=" " ind2=" " tag="300">
			<marc:subfield code="a">218 p. ;</marc:subfield>
			<marc:subfield code="c">20 cm.</marc:subfield>
			<marc:subfield code="a">[1 v.]</marc:subfield>
		</marc:datafield>
		<marc:datafield ind1=" " ind2=" " tag="500">
			<marc:subfield code="a">Running title: Alonzo and Melissa.</marc:subfield>
		</marc:datafield>
		<marc:datafield ind1=" " ind2=" " tag="500">
			<marc:subfield code="a">Published in the same year at Poughkeepsie, N.Y., under title: The asylum, or, Alonzo and Melissa / by I. Mitchell.</marc:subfield>
		</marc:datafield>
		<marc:datafield ind1=" " ind2=" " tag="500">
			<marc:subfield code="a">For discussion of authorship see BAL 14020.</marc:subfield>
		</marc:datafield>
		<marc:datafield ind1="4" ind2=" " tag="510">
			<marc:subfield code="a">Shaw &amp; Shoemaker</marc:subfield>
			<marc:subfield code="c">23406</marc:subfield>
		</marc:datafield>
		<marc:datafield ind1="4" ind2=" " tag="510">
			<marc:subfield code="a">Wright, L.H.  Amer. fiction, 1774-1850 (2nd ed.),</marc:subfield>
			<marc:subfield code="c">1887</marc:subfield>
		</marc:datafield>
		<marc:datafield ind1=" " ind2=" " tag="590">
			<marc:subfield code="a">Some pages wanting; replaced by photostats.</marc:subfield>
		</marc:datafield>
		<marc:datafield ind1=" " ind2="4" tag="650">
			<marc:subfield code="a">CHR 1811</marc:subfield>
		</marc:datafield>
		<marc:datafield ind1=" " ind2="4" tag="650">
			<marc:subfield code="a">PRO Coleardy, Mary P. (autograph)</marc:subfield>
		</marc:datafield>
		<marc:datafield ind1="1" ind2=" " tag="700">
			<marc:subfield code="a">Jackson, Daniel,</marc:subfield>
			<marc:subfield code="d">b. 1790.</marc:subfield>
		</marc:datafield>
		<marc:datafield ind1="1" ind2=" " tag="700">
			<marc:subfield code="a">Mitchell, I.</marc:subfield>
			<marc:subfield code="q">(Isaac),</marc:subfield>
			<marc:subfield code="d">d. 1812.</marc:subfield>
		</marc:datafield>
		<marc:datafield ind1="2" ind2=" " tag="710">
			<marc:subfield code="a">Early Novels</marc:subfield>
			<marc:subfield code="5">University of Pennsylvania</marc:subfield>
		</marc:datafield>
		<marc:datafield ind1="2" ind2=" " tag="710">
			<marc:subfield code="a">Collection of British and American Fiction, 1660-1830 (University of Pennsylvania)</marc:subfield>
			<marc:subfield code="9">University of Pennsylvania</marc:subfield>
		</marc:datafield>
		<marc:datafield ind1="0" ind2=" " tag="852">
			<marc:subfield code="b">scrare</marc:subfield>
			<marc:subfield code="h">PS2409.M17</marc:subfield>
			<marc:subfield code="i">A7 1811</marc:subfield>
		</marc:datafield>
		<marc:datafield ind1=" " ind2=" " tag="950">
			<marc:subfield code="l">RBC</marc:subfield>
			<marc:subfield code="i">03/04/91 C</marc:subfield>
		</marc:datafield>
		<marc:datafield ind1=" " ind2=" " tag="955">
			<marc:subfield code="l">RBC</marc:subfield>
			<marc:subfield code="c">1</marc:subfield>
			<marc:subfield code="q">51-126</marc:subfield>
			<marc:subfield code="i">03/04/91 C</marc:subfield>
		</marc:datafield>
		<marc:datafield ind1=" " ind2=" " tag="998">
			<marc:subfield code="a">03/04/91</marc:subfield>
			<marc:subfield code="t">c</marc:subfield>
			<marc:subfield code="s">9114</marc:subfield>
			<marc:subfield code="n">PU</marc:subfield>
			<marc:subfield code="d">03/04/91</marc:subfield>
			<marc:subfield code="c">BVE</marc:subfield>
			<marc:subfield code="b">BVE</marc:subfield>
			<marc:subfield code="i">910304</marc:subfield>
			<marc:subfield code="l">PAUG</marc:subfield>
			<marc:subfield code="z">BNA</marc:subfield>
		</marc:datafield>
	</marc:record>