
	<marc:record>
		<marc:leader>01585cam a2200385   4500</marc:leader>
		<marc:controlfield tag="001">260764</marc:controlfield>
		<marc:controlfield tag="005">20130321171044.0</marc:controlfield>
		<marc:controlfield tag="008">911003s1810    pau           00010 eng  </marc:controlfield>
		<marc:datafield ind1=" " ind2=" " tag="010">
			<marc:subfield code="a">09020392  </marc:subfield>
		</marc:datafield>
		<marc:datafield ind1=" " ind2=" " tag="035">
			<marc:subfield code="a">(PUVoyagerBIBID)1336561</marc:subfield>
		</marc:datafield>
		<marc:datafield ind1=" " ind2=" " tag="035">
			<marc:subfield code="a">(CStRLIN)PAUG91-B25450</marc:subfield>
		</marc:datafield>
		<marc:datafield ind1=" " ind2=" " tag="035">
			<marc:subfield code="9">AKG4611</marc:subfield>
		</marc:datafield>
		<marc:datafield ind1=" " ind2=" " tag="035">
			<marc:subfield code="a">(MediadbVoyBIBID)260764</marc:subfield>
		</marc:datafield>
		<marc:datafield ind1=" " ind2=" " tag="035">
			<marc:subfield code="a">(END)e341_f78</marc:subfield>
		</marc:datafield>
		<marc:datafield ind1=" " ind2=" " tag="040">
			<marc:subfield code="c">MiU</marc:subfield>
			<marc:subfield code="d">MiU</marc:subfield>
		</marc:datafield>
		<marc:datafield ind1="0" ind2=" " tag="050">
			<marc:subfield code="a">E341</marc:subfield>
			<marc:subfield code="b">.F78</marc:subfield>
		</marc:datafield>
		<marc:datafield ind1=" " ind2=" " tag="090">
			<marc:subfield code="a">E341</marc:subfield>
			<marc:subfield code="b">.F78</marc:subfield>
			<marc:subfield code="i">10/09/91 CT</marc:subfield>
		</marc:datafield>
		<marc:datafield ind1="1" ind2=" " tag="100">
			<marc:subfield code="a">Fowler, George</marc:subfield>
		</marc:datafield>
		<marc:datafield ind1="1" ind2="4" tag="245">
			<marc:subfield code="a">The wandering philanthropist;</marc:subfield>
			<marc:subfield code="b">or, Lettres [sic] from a Chinese. Written during his residence in the United States.</marc:subfield>
			<marc:subfield code="c">Discovered and edited by George Fowler.</marc:subfield>
		</marc:datafield>
		<marc:datafield ind1=" " ind2=" " tag="260">
			<marc:subfield code="a">Philadelphia,</marc:subfield>
			<marc:subfield code="b">G. Fowler and B. Graves,</marc:subfield>
			<marc:subfield code="c">1810.</marc:subfield>
			<marc:subfield code="a">[Philadelphia]</marc:subfield>
		</marc:datafield>
		<marc:datafield ind1=" " ind2=" " tag="300">
			<marc:subfield code="a">v, [7]-300 p.</marc:subfield>
			<marc:subfield code="c">18 cm.</marc:subfield>
			<marc:subfield code="a">[1 v.]</marc:subfield>
		</marc:datafield>
		<marc:datafield ind1="4" ind2=" " tag="510">
			<marc:subfield code="a">Wright, L.H.  Amer. fiction, 1774-1850 (2nd ed.),</marc:subfield>
			<marc:subfield code="c">998</marc:subfield>
		</marc:datafield>
		<marc:datafield ind1="4" ind2=" " tag="510">
			<marc:subfield code="a">Shaw &amp; Shoemaker</marc:subfield>
			<marc:subfield code="c">20133</marc:subfield>
		</marc:datafield>
		<marc:datafield ind1=" " ind2="4" tag="650">
			<marc:subfield code="a">CHR 1810</marc:subfield>
		</marc:datafield>
		<marc:datafield ind1=" " ind2="4" tag="650">
			<marc:subfield code="a">PRO Burr, Charles W. (Charles Walts), 1861- (donor)</marc:subfield>
		</marc:datafield>
		<marc:datafield ind1=" " ind2="4" tag="650">
			<marc:subfield code="a">PRO Ingam, Jacob J. (autograph)</marc:subfield>
		</marc:datafield>
		<marc:datafield ind1=" " ind2="0" tag="651">
			<marc:subfield code="a">United States</marc:subfield>
			<marc:subfield code="x">Politics and government</marc:subfield>
			<marc:subfield code="y">1809-1817.</marc:subfield>
		</marc:datafield>
		<marc:datafield ind1=" " ind2="0" tag="651">
			<marc:subfield code="a">United States</marc:subfield>
			<marc:subfield code="x">Social life and customs.</marc:subfield>
		</marc:datafield>
		<marc:datafield ind1="2" ind2=" " tag="710">
			<marc:subfield code="a">Early Novels</marc:subfield>
			<marc:subfield code="5">University of Pennsylvania</marc:subfield>
		</marc:datafield>
		<marc:datafield ind1="2" ind2=" " tag="710">
			<marc:subfield code="a">Collection of British and American Fiction, 1660-1830 (University of Pennsylvania)</marc:subfield>
			<marc:subfield code="9">University of Pennsylvania</marc:subfield>
		</marc:datafield>
		<marc:datafield ind1=" " ind2=" " tag="752">
			<marc:subfield code="a">United States</marc:subfield>
			<marc:subfield code="b">Pennsylvania</marc:subfield>
			<marc:subfield code="d">Philadelphia.</marc:subfield>
		</marc:datafield>
		<marc:datafield ind1="0" ind2=" " tag="852">
			<marc:subfield code="b">scrare</marc:subfield>
			<marc:subfield code="h">E341</marc:subfield>
			<marc:subfield code="i">.F78</marc:subfield>
		</marc:datafield>
		<marc:datafield ind1=" " ind2=" " tag="950">
			<marc:subfield code="l">RBC</marc:subfield>
			<marc:subfield code="i">10/09/91 C</marc:subfield>
		</marc:datafield>
		<marc:datafield ind1=" " ind2=" " tag="955">
			<marc:subfield code="l">RBC</marc:subfield>
			<marc:subfield code="c">1</marc:subfield>
			<marc:subfield code="q">730210</marc:subfield>
			<marc:subfield code="s">Recl.fr.917.3/F829</marc:subfield>
			<marc:subfield code="i">10/09/91 C</marc:subfield>
		</marc:datafield>
		<marc:datafield ind1=" " ind2=" " tag="998">
			<marc:subfield code="a">10/09/91</marc:subfield>
			<marc:subfield code="t">c</marc:subfield>
			<marc:subfield code="s">9124</marc:subfield>
			<marc:subfield code="n">PU</marc:subfield>
			<marc:subfield code="w">CSUG84B11024</marc:subfield>
			<marc:subfield code="d">10/03/91</marc:subfield>
			<marc:subfield code="c">RK</marc:subfield>
			<marc:subfield code="b">RK</marc:subfield>
			<marc:subfield code="i">911009</marc:subfield>
			<marc:subfield code="l">PAUG</marc:subfield>
			<marc:subfield code="z">BNA</marc:subfield>
		</marc:datafield>
	</marc:record>