
	<marc:record>
		<marc:leader>01276cam a2200325 a 4500</marc:leader>
		<marc:controlfield tag="001">260766</marc:controlfield>
		<marc:controlfield tag="005">20130319192438.0</marc:controlfield>
		<marc:controlfield tag="008">911007s1810    nyu           00 01 eng d</marc:controlfield>
		<marc:datafield ind1=" " ind2=" " tag="010">
			<marc:subfield code="a">11001811  </marc:subfield>
		</marc:datafield>
		<marc:datafield ind1=" " ind2=" " tag="035">
			<marc:subfield code="a">(PUVoyagerBIBID)1337190</marc:subfield>
		</marc:datafield>
		<marc:datafield ind1=" " ind2=" " tag="035">
			<marc:subfield code="a">(CStRLIN)PAUG91-B25664</marc:subfield>
		</marc:datafield>
		<marc:datafield ind1=" " ind2=" " tag="035">
			<marc:subfield code="9">AKG5947</marc:subfield>
		</marc:datafield>
		<marc:datafield ind1=" " ind2=" " tag="035">
			<marc:subfield code="a">(MediadbVoyBIBID)260766</marc:subfield>
		</marc:datafield>
		<marc:datafield ind1=" " ind2=" " tag="035">
			<marc:subfield code="a">(END)ps991_a1_r65</marc:subfield>
		</marc:datafield>
		<marc:datafield ind1=" " ind2=" " tag="040">
			<marc:subfield code="a">NHi</marc:subfield>
			<marc:subfield code="c">NHi</marc:subfield>
			<marc:subfield code="e">bdrb</marc:subfield>
		</marc:datafield>
		<marc:datafield ind1=" " ind2=" " tag="090">
			<marc:subfield code="a">PS991.A1</marc:subfield>
			<marc:subfield code="b">R65</marc:subfield>
			<marc:subfield code="i">10/15/91 CTZ</marc:subfield>
		</marc:datafield>
		<marc:datafield ind1="0" ind2="0" tag="245">
			<marc:subfield code="a">Rosa; or, American genius and education.</marc:subfield>
		</marc:datafield>
		<marc:datafield ind1=" " ind2=" " tag="260">
			<marc:subfield code="a">New York :</marc:subfield>
			<marc:subfield code="b">Printed for the author, by Isaac Riley,</marc:subfield>
			<marc:subfield code="c">1810.</marc:subfield>
			<marc:subfield code="a">[New York]</marc:subfield>
		</marc:datafield>
		<marc:datafield ind1=" " ind2=" " tag="300">
			<marc:subfield code="a">263 p. ;</marc:subfield>
			<marc:subfield code="c">18 cm.</marc:subfield>
			<marc:subfield code="a">[1 v.]</marc:subfield>
		</marc:datafield>
		<marc:datafield ind1=" " ind2=" " tag="500">
			<marc:subfield code="a">Wright lists Baltimore and the late 18th century as probable place and date of composition.</marc:subfield>
		</marc:datafield>
		<marc:datafield ind1="4" ind2=" " tag="510">
			<marc:subfield code="a">Shaw &amp; Shoemaker</marc:subfield>
			<marc:subfield code="c">21239</marc:subfield>
		</marc:datafield>
		<marc:datafield ind1="4" ind2=" " tag="510">
			<marc:subfield code="a">Wright, L.H.  Amer. fiction,</marc:subfield>
			<marc:subfield code="c">I, 2155</marc:subfield>
		</marc:datafield>
		<marc:datafield ind1=" " ind2="4" tag="650">
			<marc:subfield code="a">CHR 1810</marc:subfield>
		</marc:datafield>
		<marc:datafield ind1="2" ind2=" " tag="710">
			<marc:subfield code="a">Early Novels</marc:subfield>
			<marc:subfield code="5">University of Pennsylvania</marc:subfield>
		</marc:datafield>
		<marc:datafield ind1="2" ind2=" " tag="710">
			<marc:subfield code="a">Collection of British and American Fiction, 1660-1830 (University of Pennsylvania)</marc:subfield>
			<marc:subfield code="9">University of Pennsylvania</marc:subfield>
		</marc:datafield>
		<marc:datafield ind1="0" ind2=" " tag="740">
			<marc:subfield code="a">American genius and education.</marc:subfield>
		</marc:datafield>
		<marc:datafield ind1="0" ind2=" " tag="852">
			<marc:subfield code="b">scrare</marc:subfield>
			<marc:subfield code="h">PS991.A1</marc:subfield>
			<marc:subfield code="i">R65</marc:subfield>
		</marc:datafield>
		<marc:datafield ind1=" " ind2=" " tag="950">
			<marc:subfield code="l">RBC</marc:subfield>
			<marc:subfield code="i">10/15/91 C</marc:subfield>
		</marc:datafield>
		<marc:datafield ind1=" " ind2=" " tag="955">
			<marc:subfield code="l">RBC</marc:subfield>
			<marc:subfield code="c">1</marc:subfield>
			<marc:subfield code="q">1952(68524) Ritchie Fd. 51-2076</marc:subfield>
			<marc:subfield code="i">10/15/91 C</marc:subfield>
		</marc:datafield>
		<marc:datafield ind1=" " ind2=" " tag="998">
			<marc:subfield code="a">10/15/91</marc:subfield>
			<marc:subfield code="t">c</marc:subfield>
			<marc:subfield code="s">9114</marc:subfield>
			<marc:subfield code="n">PU</marc:subfield>
			<marc:subfield code="w">CSUG84B66657</marc:subfield>
			<marc:subfield code="d">10/07/91</marc:subfield>
			<marc:subfield code="c">RK</marc:subfield>
			<marc:subfield code="b">RK</marc:subfield>
			<marc:subfield code="i">911015</marc:subfield>
			<marc:subfield code="l">PAUG</marc:subfield>
			<marc:subfield code="z">BNA</marc:subfield>
		</marc:datafield>
	</marc:record>