
	<marc:record>
		<marc:leader>01380cam a2200361   4500</marc:leader>
		<marc:controlfield tag="001">260782</marc:controlfield>
		<marc:controlfield tag="005">20130402153416.0</marc:controlfield>
		<marc:controlfield tag="008">920312s1816    enk           00011 eng  </marc:controlfield>
		<marc:datafield ind1=" " ind2=" " tag="010">
			<marc:subfield code="a">06015462  </marc:subfield>
		</marc:datafield>
		<marc:datafield ind1=" " ind2=" " tag="035">
			<marc:subfield code="a">(PUVoyagerBIBID)1361680</marc:subfield>
		</marc:datafield>
		<marc:datafield ind1=" " ind2=" " tag="035">
			<marc:subfield code="a">(CStRLIN)PAUG92-B17699</marc:subfield>
		</marc:datafield>
		<marc:datafield ind1=" " ind2=" " tag="035">
			<marc:subfield code="9">AKL4012</marc:subfield>
		</marc:datafield>
		<marc:datafield ind1=" " ind2=" " tag="035">
			<marc:subfield code="a">(MediadbVoyBIBID)260782</marc:subfield>
		</marc:datafield>
		<marc:datafield ind1=" " ind2=" " tag="035">
			<marc:subfield code="a">(END)pr4034_e5_1816</marc:subfield>
		</marc:datafield>
		<marc:datafield ind1=" " ind2=" " tag="040">
			<marc:subfield code="c">NNC</marc:subfield>
			<marc:subfield code="d">NNC</marc:subfield>
		</marc:datafield>
		<marc:datafield ind1="0" ind2=" " tag="050">
			<marc:subfield code="a">PZ3.A93</marc:subfield>
			<marc:subfield code="b">E</marc:subfield>
		</marc:datafield>
		<marc:datafield ind1=" " ind2=" " tag="090">
			<marc:subfield code="a">PR4034</marc:subfield>
			<marc:subfield code="b">.E5 1816</marc:subfield>
			<marc:subfield code="i">03/16/92 CT</marc:subfield>
		</marc:datafield>
		<marc:datafield ind1="1" ind2=" " tag="100">
			<marc:subfield code="a">Austen, Jane</marc:subfield>
			<marc:subfield code="d">1775-1817.</marc:subfield>
		</marc:datafield>
		<marc:datafield ind1="1" ind2="0" tag="245">
			<marc:subfield code="a">Emma:</marc:subfield>
			<marc:subfield code="b">a novel. In three volumes.</marc:subfield>
			<marc:subfield code="c">By the author of ""Pride and prejudice,"" &amp;c. &amp;c. ..."</marc:subfield>
		</marc:datafield>
		<marc:datafield ind1=" " ind2=" " tag="260">
			<marc:subfield code="a">London :</marc:subfield>
			<marc:subfield code="b">Printed for J. Murray,</marc:subfield>
			<marc:subfield code="c">1816.</marc:subfield>
			<marc:subfield code="a">[London]</marc:subfield>
		</marc:datafield>
		<marc:datafield ind1=" " ind2=" " tag="300">
			<marc:subfield code="a">3 v. ;</marc:subfield>
			<marc:subfield code="c">18 cm.</marc:subfield>
			<marc:subfield code="a">[3 v.]</marc:subfield>
		</marc:datafield>
		<marc:datafield ind1=" " ind2=" " tag="500">
			<marc:subfield code="a">Facing t.-p.: printed by C. Roworth, London.</marc:subfield>
		</marc:datafield>
		<marc:datafield ind1="4" ind2=" " tag="510">
			<marc:subfield code="a">Block, A.  Engl. novel,</marc:subfield>
			<marc:subfield code="c">p.12</marc:subfield>
		</marc:datafield>
		<marc:datafield ind1="4" ind2=" " tag="510">
			<marc:subfield code="a">English novel, 1770-1829,</marc:subfield>
			<marc:subfield code="c">1816:16</marc:subfield>
		</marc:datafield>
		<marc:datafield ind1=" " ind2="4" tag="650">
			<marc:subfield code="a">CHR 1816</marc:subfield>
		</marc:datafield>
		<marc:datafield ind1=" " ind2="4" tag="650">
			<marc:subfield code="a">PRO</marc:subfield>
			<marc:subfield code="a">Gilpin, George (bookplate)</marc:subfield>
		</marc:datafield>
		<marc:datafield ind1="2" ind2=" " tag="710">
			<marc:subfield code="a">Early Novels</marc:subfield>
			<marc:subfield code="5">University of Pennsylvania</marc:subfield>
		</marc:datafield>
		<marc:datafield ind1="2" ind2=" " tag="710">
			<marc:subfield code="a">Collection of British and American Fiction, 1660-1830 (University of Pennsylvania)</marc:subfield>
			<marc:subfield code="9">University of Pennsylvania</marc:subfield>
		</marc:datafield>
		<marc:datafield ind1="0" ind2=" " tag="852">
			<marc:subfield code="b">scrare</marc:subfield>
			<marc:subfield code="h">PR4034</marc:subfield>
			<marc:subfield code="i">.E5 1816</marc:subfield>
		</marc:datafield>
		<marc:datafield ind1="4" ind2="1" tag="866">
			<marc:subfield code="8">0</marc:subfield>
			<marc:subfield code="a">v.1-3</marc:subfield>
		</marc:datafield>
		<marc:datafield ind1=" " ind2=" " tag="950">
			<marc:subfield code="l">RBC</marc:subfield>
			<marc:subfield code="v">v.1-3</marc:subfield>
			<marc:subfield code="i">03/16/92 C</marc:subfield>
		</marc:datafield>
		<marc:datafield ind1=" " ind2=" " tag="955">
			<marc:subfield code="l">RBC</marc:subfield>
			<marc:subfield code="c">1:(v.1-3)</marc:subfield>
			<marc:subfield code="q">32475</marc:subfield>
			<marc:subfield code="s">recl. fr. RBC823/Au7EF</marc:subfield>
			<marc:subfield code="s">KW recovered</marc:subfield>
			<marc:subfield code="i">03/16/92 C</marc:subfield>
		</marc:datafield>
		<marc:datafield ind1=" " ind2=" " tag="998">
			<marc:subfield code="a">03/16/92</marc:subfield>
			<marc:subfield code="t">c</marc:subfield>
			<marc:subfield code="s">9114</marc:subfield>
			<marc:subfield code="n">PU</marc:subfield>
			<marc:subfield code="w">NYCG82B28494</marc:subfield>
			<marc:subfield code="d">03/12/92</marc:subfield>
			<marc:subfield code="c">JL</marc:subfield>
			<marc:subfield code="b">JL</marc:subfield>
			<marc:subfield code="i">920316</marc:subfield>
			<marc:subfield code="l">PAUG</marc:subfield>
			<marc:subfield code="z">BNA</marc:subfield>
		</marc:datafield>
	</marc:record>