
	<marc:record>
		<marc:leader>01380cam a2200349 a 4500</marc:leader>
		<marc:controlfield tag="001">260785</marc:controlfield>
		<marc:controlfield tag="005">20130319203347.0</marc:controlfield>
		<marc:controlfield tag="008">920313s1811    enk           00011 eng d</marc:controlfield>
		<marc:datafield ind1=" " ind2=" " tag="035">
			<marc:subfield code="a">(PUVoyagerBIBID)1361685</marc:subfield>
		</marc:datafield>
		<marc:datafield ind1=" " ind2=" " tag="035">
			<marc:subfield code="a">(CStRLIN)PAUG92-B17871</marc:subfield>
		</marc:datafield>
		<marc:datafield ind1=" " ind2=" " tag="035">
			<marc:subfield code="9">AKL4017</marc:subfield>
		</marc:datafield>
		<marc:datafield ind1=" " ind2=" " tag="035">
			<marc:subfield code="a">(MediadbVoyBIBID)260785</marc:subfield>
		</marc:datafield>
		<marc:datafield ind1=" " ind2=" " tag="035">
			<marc:subfield code="a">(END)pr4034_s4_1811</marc:subfield>
		</marc:datafield>
		<marc:datafield ind1=" " ind2=" " tag="040">
			<marc:subfield code="a">IaU</marc:subfield>
			<marc:subfield code="c">IaU</marc:subfield>
			<marc:subfield code="d">NNC</marc:subfield>
		</marc:datafield>
		<marc:datafield ind1=" " ind2=" " tag="090">
			<marc:subfield code="a">PR4034</marc:subfield>
			<marc:subfield code="b">.S4 1811</marc:subfield>
			<marc:subfield code="i">03/16/92 CT</marc:subfield>
		</marc:datafield>
		<marc:datafield ind1="1" ind2=" " tag="100">
			<marc:subfield code="a">Austen, Jane</marc:subfield>
			<marc:subfield code="d">1775-1817.</marc:subfield>
		</marc:datafield>
		<marc:datafield ind1="1" ind2="0" tag="245">
			<marc:subfield code="a">Sense and sensibility :</marc:subfield>
			<marc:subfield code="b">a novel in three volumes /</marc:subfield>
			<marc:subfield code="c">By a lady.</marc:subfield>
		</marc:datafield>
		<marc:datafield ind1=" " ind2=" " tag="260">
			<marc:subfield code="a">London :</marc:subfield>
			<marc:subfield code="b">Printed for the author by C.Roworth ... and published by T.Egerton,</marc:subfield>
			<marc:subfield code="c">1811.</marc:subfield>
			<marc:subfield code="a">[London]</marc:subfield>
		</marc:datafield>
		<marc:datafield ind1=" " ind2=" " tag="300">
			<marc:subfield code="a">3 v. ;</marc:subfield>
			<marc:subfield code="c">18 cm.</marc:subfield>
			<marc:subfield code="a">[3 v.]</marc:subfield>
		</marc:datafield>
		<marc:datafield ind1="4" ind2=" " tag="510">
			<marc:subfield code="a">C.B.E.L.</marc:subfield>
			<marc:subfield code="c">v.3, p. 381</marc:subfield>
		</marc:datafield>
		<marc:datafield ind1="4" ind2=" " tag="510">
			<marc:subfield code="a">Block, A.  Engl. novel</marc:subfield>
			<marc:subfield code="c">p. 12</marc:subfield>
		</marc:datafield>
		<marc:datafield ind1="4" ind2=" " tag="510">
			<marc:subfield code="a">English novel, 1770-1829,</marc:subfield>
			<marc:subfield code="c">1811:16</marc:subfield>
		</marc:datafield>
		<marc:datafield ind1=" " ind2="4" tag="650">
			<marc:subfield code="a">CHR 1811</marc:subfield>
		</marc:datafield>
		<marc:datafield ind1=" " ind2="4" tag="650">
			<marc:subfield code="a">PRO Cragg, William A. (autograph)</marc:subfield>
		</marc:datafield>
		<marc:datafield ind1=" " ind2="4" tag="650">
			<marc:subfield code="a">PRO Day, Sarah (autograph)</marc:subfield>
		</marc:datafield>
		<marc:datafield ind1="2" ind2=" " tag="710">
			<marc:subfield code="a">Early Novels</marc:subfield>
			<marc:subfield code="5">University of Pennsylvania</marc:subfield>
		</marc:datafield>
		<marc:datafield ind1="2" ind2=" " tag="710">
			<marc:subfield code="a">Collection of British and American Fiction, 1660-1830 (University of Pennsylvania)</marc:subfield>
			<marc:subfield code="9">University of Pennsylvania</marc:subfield>
		</marc:datafield>
		<marc:datafield ind1="0" ind2=" " tag="852">
			<marc:subfield code="b">scrare</marc:subfield>
			<marc:subfield code="h">PR4034</marc:subfield>
			<marc:subfield code="i">.S4 1811</marc:subfield>
		</marc:datafield>
		<marc:datafield ind1="4" ind2="1" tag="866">
			<marc:subfield code="8">0</marc:subfield>
			<marc:subfield code="a">v.1-3</marc:subfield>
		</marc:datafield>
		<marc:datafield ind1=" " ind2=" " tag="950">
			<marc:subfield code="l">RBC</marc:subfield>
			<marc:subfield code="v">v.1-3</marc:subfield>
			<marc:subfield code="i">03/16/92 C</marc:subfield>
		</marc:datafield>
		<marc:datafield ind1=" " ind2=" " tag="955">
			<marc:subfield code="l">RBC</marc:subfield>
			<marc:subfield code="c">1:(v.1-3)</marc:subfield>
			<marc:subfield code="q">11463</marc:subfield>
			<marc:subfield code="q">60-39</marc:subfield>
			<marc:subfield code="s">recl. fr. EC8/Au744/811s/KW recovered</marc:subfield>
			<marc:subfield code="i">03/16/92 C</marc:subfield>
		</marc:datafield>
		<marc:datafield ind1=" " ind2=" " tag="998">
			<marc:subfield code="a">03/16/92</marc:subfield>
			<marc:subfield code="t">c</marc:subfield>
			<marc:subfield code="s">9114</marc:subfield>
			<marc:subfield code="n">PU</marc:subfield>
			<marc:subfield code="w">NYCG86B98738</marc:subfield>
			<marc:subfield code="d">03/13/92</marc:subfield>
			<marc:subfield code="c">JL</marc:subfield>
			<marc:subfield code="b">JL</marc:subfield>
			<marc:subfield code="i">920316</marc:subfield>
			<marc:subfield code="l">PAUG</marc:subfield>
			<marc:subfield code="z">BNA</marc:subfield>
		</marc:datafield>
	</marc:record>