
	<marc:record>
		<marc:leader>01725cam a2200385 i 4500</marc:leader>
		<marc:controlfield tag="001">260787</marc:controlfield>
		<marc:controlfield tag="005">20130321160904.0</marc:controlfield>
		<marc:controlfield tag="008">920310s1810    mau           00010 eng d</marc:controlfield>
		<marc:datafield ind1=" " ind2=" " tag="035">
			<marc:subfield code="a">(PUVoyagerBIBID)1366460</marc:subfield>
		</marc:datafield>
		<marc:datafield ind1=" " ind2=" " tag="035">
			<marc:subfield code="a">(CStRLIN)PAUG92-B17413</marc:subfield>
		</marc:datafield>
		<marc:datafield ind1=" " ind2=" " tag="035">
			<marc:subfield code="9">AKM1760</marc:subfield>
		</marc:datafield>
		<marc:datafield ind1=" " ind2=" " tag="035">
			<marc:subfield code="a">(MediadbVoyBIBID)260787</marc:subfield>
		</marc:datafield>
		<marc:datafield ind1=" " ind2=" " tag="035">
			<marc:subfield code="a">(END)bx1766_f83_1810</marc:subfield>
		</marc:datafield>
		<marc:datafield ind1=" " ind2=" " tag="040">
			<marc:subfield code="a">PU</marc:subfield>
			<marc:subfield code="c">PU</marc:subfield>
		</marc:datafield>
		<marc:datafield ind1=" " ind2=" " tag="090">
			<marc:subfield code="a">BX1766</marc:subfield>
			<marc:subfield code="b">.F83 1810</marc:subfield>
			<marc:subfield code="i">04/14/92 CT</marc:subfield>
		</marc:datafield>
		<marc:datafield ind1="1" ind2=" " tag="100">
			<marc:subfield code="a">Friend to St. Peter</marc:subfield>
		</marc:datafield>
		<marc:datafield ind1="1" ind2="4" tag="245">
			<marc:subfield code="a">The trial of Antichrist, otherwise, the man of sin, for high treason against the Son of God ... /</marc:subfield>
			<marc:subfield code="c">taken in short hand by a friend to St. Peter.</marc:subfield>
		</marc:datafield>
		<marc:datafield ind1=" " ind2=" " tag="250">
			<marc:subfield code="a">First American edition.</marc:subfield>
			<marc:subfield code="b">First edition.</marc:subfield>
		</marc:datafield>
		<marc:datafield ind1=" " ind2=" " tag="260">
			<marc:subfield code="a">Boston :</marc:subfield>
			<marc:subfield code="b">Lincoln &amp; Edmands,</marc:subfield>
			<marc:subfield code="c">1810.</marc:subfield>
			<marc:subfield code="a">[Boston]</marc:subfield>
		</marc:datafield>
		<marc:datafield ind1=" " ind2=" " tag="300">
			<marc:subfield code="a">162, [2] p. ;</marc:subfield>
			<marc:subfield code="c">18 cm.</marc:subfield>
			<marc:subfield code="a">[1 v.]</marc:subfield>
		</marc:datafield>
		<marc:datafield ind1=" " ind2=" " tag="500">
			<marc:subfield code="a">""The Pope is charged with high treason against the King of Heaven ... The form of a state trial is almost, if not altogether constantly attended to ... "" -- p. 4-5."</marc:subfield>
		</marc:datafield>
		<marc:datafield ind1=" " ind2=" " tag="500">
			<marc:subfield code="a">At head of title: By special commission.</marc:subfield>
		</marc:datafield>
		<marc:datafield ind1=" " ind2=" " tag="500">
			<marc:subfield code="a">Publishers\\\' advertisements : [2] p. at end.</marc:subfield>
		</marc:datafield>
		<marc:datafield ind1="4" ind2=" " tag="510">
			<marc:subfield code="a">Shaw &amp; Shoemaker,</marc:subfield>
			<marc:subfield code="c">21514.</marc:subfield>
		</marc:datafield>
		<marc:datafield ind1="2" ind2="0" tag="610">
			<marc:subfield code="a">Catholic Church</marc:subfield>
			<marc:subfield code="x">Controversial literature.</marc:subfield>
		</marc:datafield>
		<marc:datafield ind1=" " ind2="0" tag="650">
			<marc:subfield code="a">Papacy.</marc:subfield>
		</marc:datafield>
		<marc:datafield ind1=" " ind2="4" tag="650">
			<marc:subfield code="a">CHR 1810</marc:subfield>
		</marc:datafield>
		<marc:datafield ind1=" " ind2="0" tag="650">
			<marc:subfield code="a">Swearing.</marc:subfield>
		</marc:datafield>
		<marc:datafield ind1=" " ind2="7" tag="656">
			<marc:subfield code="a">Publishers\\\' advertisements</marc:subfield>
			<marc:subfield code="z">Massachusetts</marc:subfield>
			<marc:subfield code="y">19th century.</marc:subfield>
			<marc:subfield code="2">rbgenr</marc:subfield>
		</marc:datafield>
		<marc:datafield ind1="2" ind2=" " tag="710">
			<marc:subfield code="a">Early Novels</marc:subfield>
			<marc:subfield code="5">University of Pennsylvania</marc:subfield>
		</marc:datafield>
		<marc:datafield ind1="2" ind2=" " tag="710">
			<marc:subfield code="a">Collection of British and American Fiction, 1660-1830 (University of Pennsylvania)</marc:subfield>
			<marc:subfield code="9">University of Pennsylvania</marc:subfield>
		</marc:datafield>
		<marc:datafield ind1="0" ind2=" " tag="852">
			<marc:subfield code="b">scrare</marc:subfield>
			<marc:subfield code="t">1</marc:subfield>
			<marc:subfield code="h">BX1766</marc:subfield>
			<marc:subfield code="i">.F83 1810</marc:subfield>
		</marc:datafield>
		<marc:datafield ind1=" " ind2=" " tag="950">
			<marc:subfield code="l">RBC</marc:subfield>
			<marc:subfield code="i">04/14/92 C</marc:subfield>
		</marc:datafield>
		<marc:datafield ind1=" " ind2=" " tag="955">
			<marc:subfield code="l">RBC</marc:subfield>
			<marc:subfield code="c">1</marc:subfield>
			<marc:subfield code="q">204634</marc:subfield>
			<marc:subfield code="s">Recl.fr.238.34/G1</marc:subfield>
			<marc:subfield code="s">Tr.fr.VPL</marc:subfield>
			<marc:subfield code="i">04/14/92 C</marc:subfield>
		</marc:datafield>
		<marc:datafield ind1=" " ind2=" " tag="998">
			<marc:subfield code="a">04/14/92</marc:subfield>
			<marc:subfield code="t">c</marc:subfield>
			<marc:subfield code="s">9114</marc:subfield>
			<marc:subfield code="n">PU</marc:subfield>
			<marc:subfield code="w">PAUG92B17413</marc:subfield>
			<marc:subfield code="d">03/10/92</marc:subfield>
			<marc:subfield code="c">RK</marc:subfield>
			<marc:subfield code="b">RK</marc:subfield>
			<marc:subfield code="i">920414</marc:subfield>
			<marc:subfield code="l">PAUG</marc:subfield>
			<marc:subfield code="z">BNA</marc:subfield>
		</marc:datafield>
	</marc:record>