
	<marc:record>
		<marc:leader>02506cam a2200409u  4500</marc:leader>
		<marc:controlfield tag="001">260791</marc:controlfield>
		<marc:controlfield tag="005">20130320172806.0</marc:controlfield>
		<marc:controlfield tag="008">921111s1811    enk           000 0 eng  </marc:controlfield>
		<marc:datafield ind1=" " ind2=" " tag="010">
			<marc:subfield code="a">14015602 </marc:subfield>
		</marc:datafield>
		<marc:datafield ind1=" " ind2=" " tag="035">
			<marc:subfield code="a">(PUVoyagerBIBID)1535195</marc:subfield>
		</marc:datafield>
		<marc:datafield ind1=" " ind2=" " tag="035">
			<marc:subfield code="a">(CStRLIN)PAUG92-B63440</marc:subfield>
		</marc:datafield>
		<marc:datafield ind1=" " ind2=" " tag="035">
			<marc:subfield code="9">ALF1050</marc:subfield>
		</marc:datafield>
		<marc:datafield ind1=" " ind2=" " tag="035">
			<marc:subfield code="a">(MediadbVoyBIBID)260791</marc:subfield>
		</marc:datafield>
		<marc:datafield ind1=" " ind2=" " tag="035">
			<marc:subfield code="a">(END)sm_43_4_el5</marc:subfield>
		</marc:datafield>
		<marc:datafield ind1=" " ind2=" " tag="040">
			<marc:subfield code="c">MiU</marc:subfield>
			<marc:subfield code="d">MiU</marc:subfield>
		</marc:datafield>
		<marc:datafield ind1="0" ind2=" " tag="050">
			<marc:subfield code="a">PR2064</marc:subfield>
			<marc:subfield code="b">.E6 1811</marc:subfield>
		</marc:datafield>
		<marc:datafield ind1=" " ind2=" " tag="090">
			<marc:subfield code="a">43.4</marc:subfield>
			<marc:subfield code="b">EL5</marc:subfield>
		</marc:datafield>
		<marc:datafield ind1="1" ind2=" " tag="100">
			<marc:subfield code="a">Ellis, George</marc:subfield>
			<marc:subfield code="d">1753-1815.</marc:subfield>
		</marc:datafield>
		<marc:datafield ind1="1" ind2="0" tag="245">
			<marc:subfield code="a">Specimens of early English metrical romances :</marc:subfield>
			<marc:subfield code="b">chiefly written during the early part of the fourteenth century ; to which is prefixed an historical introduction, intended to illustrate the rise and progress of romantic composition in France and England /</marc:subfield>
			<marc:subfield code="c">by George Ellis, esq.</marc:subfield>
		</marc:datafield>
		<marc:datafield ind1=" " ind2=" " tag="250">
			<marc:subfield code="a">Second edition.</marc:subfield>
			<marc:subfield code="b">Second edition.</marc:subfield>
		</marc:datafield>
		<marc:datafield ind1=" " ind2=" " tag="260">
			<marc:subfield code="a">London :</marc:subfield>
			<marc:subfield code="b">Longman, Hurst, Rees, Orme, &amp; Brown,</marc:subfield>
			<marc:subfield code="c">1811.</marc:subfield>
			<marc:subfield code="a">[London]</marc:subfield>
		</marc:datafield>
		<marc:datafield ind1=" " ind2=" " tag="300">
			<marc:subfield code="a">3 v. ;</marc:subfield>
			<marc:subfield code="c">19 cm.</marc:subfield>
			<marc:subfield code="a">[3 v.]</marc:subfield>
		</marc:datafield>
		<marc:datafield ind1=" " ind2=" " tag="500">
			<marc:subfield code="a">Gives ""not only the general outline, but even the smallest incidents in eacy story"" in plain prose, with passages from the originals. cf. v. 1, p. iv."</marc:subfield>
		</marc:datafield>
		<marc:datafield ind1="0" ind2=" " tag="505">
			<marc:subfield code="a">Vol. 1. Introduction. Appendix, no. I. Analysis of the work of Alphonsus De clericali disciplinâ (Bibl. reg. 10. B. XII.) communicated by Mr. Douce. Appendix, no. II. Trnaslation of the Lays of Marie [de France] Romances relating to Arthur : Merlin. Morte Arthur -- v. 2. Saxon romances : Guy of Warwick. Sir Bevis of Hamptoun. Anglo-Norman romance : Richard Cur de Lion. Romances relating to Charlemagne : Roland and Ferragus. Sir Otuel. Sir Ferumbras -- v. 3. Romances of oriental origin : The seven wise masters. Miscellaneous romances : Florice and Blauncheflour. Robert of Cysille. Sir Isumbras. Sir Triamour. Lyfe of Ipomydon. Sir Eglamour of Artois. Lay le Fraine. Sir Eger, Sir Grahame, and Sir Gray-steel. Sir Degoré. Roswal and Lillian. Amys and Amylion.</marc:subfield>
		</marc:datafield>
		<marc:datafield ind1=" " ind2=" " tag="590">
			<marc:subfield code="a">Vol. 1 is first edition, 1805.</marc:subfield>
		</marc:datafield>
		<marc:datafield ind1=" " ind2="0" tag="650">
			<marc:subfield code="a">English poetry</marc:subfield>
			<marc:subfield code="y">Middle English, 1100-1500</marc:subfield>
			<marc:subfield code="x">Modernized versions.</marc:subfield>
		</marc:datafield>
		<marc:datafield ind1=" " ind2="0" tag="650">
			<marc:subfield code="a">Romances, English.</marc:subfield>
		</marc:datafield>
		<marc:datafield ind1="2" ind2=" " tag="710">
			<marc:subfield code="a">Early Novels</marc:subfield>
			<marc:subfield code="5">University of Pennsylvania</marc:subfield>
		</marc:datafield>
		<marc:datafield ind1="2" ind2=" " tag="710">
			<marc:subfield code="a">Collection of British and American Fiction, 1660-1830 (University of Pennsylvania)</marc:subfield>
			<marc:subfield code="9">University of Pennsylvania</marc:subfield>
		</marc:datafield>
		<marc:datafield ind1="0" ind2=" " tag="799">
			<marc:subfield code="a">PAUGRLA.D921103.T190321</marc:subfield>
		</marc:datafield>
		<marc:datafield ind1="1" ind2=" " tag="852">
			<marc:subfield code="b">scfurn</marc:subfield>
			<marc:subfield code="h">43.4</marc:subfield>
			<marc:subfield code="i">EL5</marc:subfield>
		</marc:datafield>
		<marc:datafield ind1="4" ind2="1" tag="866">
			<marc:subfield code="8">0</marc:subfield>
			<marc:subfield code="a">v.1-3</marc:subfield>
		</marc:datafield>
		<marc:datafield ind1=" " ind2=" " tag="950">
			<marc:subfield code="l">FURN</marc:subfield>
		</marc:datafield>
		<marc:datafield ind1=" " ind2=" " tag="955">
			<marc:subfield code="l">FURN</marc:subfield>
			<marc:subfield code="c">1:v.1,1805</marc:subfield>
		</marc:datafield>
		<marc:datafield ind1=" " ind2=" " tag="955">
			<marc:subfield code="l">FURN</marc:subfield>
			<marc:subfield code="c">1:v.2</marc:subfield>
		</marc:datafield>
		<marc:datafield ind1=" " ind2=" " tag="955">
			<marc:subfield code="l">FURN</marc:subfield>
			<marc:subfield code="c">1:v.3</marc:subfield>
		</marc:datafield>
		<marc:datafield ind1=" " ind2=" " tag="998">
			<marc:subfield code="a">11/11/92</marc:subfield>
			<marc:subfield code="t">c</marc:subfield>
			<marc:subfield code="s">9124</marc:subfield>
			<marc:subfield code="n">PU</marc:subfield>
			<marc:subfield code="w">MIUG84B4666</marc:subfield>
			<marc:subfield code="d">11/11/92</marc:subfield>
			<marc:subfield code="b">RLA</marc:subfield>
			<marc:subfield code="i">921111</marc:subfield>
			<marc:subfield code="l">PAUG</marc:subfield>
		</marc:datafield>
	</marc:record>