
	<marc:record>
		<marc:leader>01906cam a22004451a 4500</marc:leader>
		<marc:controlfield tag="001">260793</marc:controlfield>
		<marc:controlfield tag="005">20130319173107.0</marc:controlfield>
		<marc:controlfield tag="008">930211r1813    enk      b    000 0 eng  </marc:controlfield>
		<marc:datafield ind1=" " ind2=" " tag="010">
			<marc:subfield code="a">25021487 </marc:subfield>
		</marc:datafield>
		<marc:datafield ind1=" " ind2=" " tag="035">
			<marc:subfield code="a">(PUVoyagerBIBID)1540700</marc:subfield>
		</marc:datafield>
		<marc:datafield ind1=" " ind2=" " tag="035">
			<marc:subfield code="a">(CStRLIN)PAUG93-B5201</marc:subfield>
		</marc:datafield>
		<marc:datafield ind1=" " ind2=" " tag="035">
			<marc:subfield code="9">ALF6585</marc:subfield>
		</marc:datafield>
		<marc:datafield ind1=" " ind2=" " tag="035">
			<marc:subfield code="a">(MediadbVoyBIBID)260793</marc:subfield>
		</marc:datafield>
		<marc:datafield ind1=" " ind2=" " tag="035">
			<marc:subfield code="a">(END)sm_c45_p16_3_ph</marc:subfield>
		</marc:datafield>
		<marc:datafield ind1=" " ind2=" " tag="040">
			<marc:subfield code="c">CarP</marc:subfield>
			<marc:subfield code="d">CStRLIN</marc:subfield>
		</marc:datafield>
		<marc:datafield ind1="1" ind2=" " tag="041">
			<marc:subfield code="a">eng</marc:subfield>
			<marc:subfield code="h">ita</marc:subfield>
		</marc:datafield>
		<marc:datafield ind1="0" ind2=" " tag="050">
			<marc:subfield code="a">PR237</marc:subfield>
			<marc:subfield code="b">.A1 1813</marc:subfield>
		</marc:datafield>
		<marc:datafield ind1=" " ind2=" " tag="090">
			<marc:subfield code="a">C45</marc:subfield>
			<marc:subfield code="b">P16(3) PH</marc:subfield>
		</marc:datafield>
		<marc:datafield ind1="1" ind2=" " tag="100">
			<marc:subfield code="a">Painter, William</marc:subfield>
			<marc:subfield code="d">1540?-1594.</marc:subfield>
		</marc:datafield>
		<marc:datafield ind1="1" ind2="4" tag="245">
			<marc:subfield code="a">The palace of pleasure, beautified, adorned, and well furnished with pleasant histories and excellent novels, very requisite for delight and profit :</marc:subfield>
			<marc:subfield code="b">Chosen and selected out of divers good and commendable authors.</marc:subfield>
		</marc:datafield>
		<marc:datafield ind1=" " ind2=" " tag="260">
			<marc:subfield code="a">London :</marc:subfield>
			<marc:subfield code="b">reprinted for R. Triphook, by Harding and Wright,</marc:subfield>
			<marc:subfield code="c">1813.</marc:subfield>
			<marc:subfield code="a">[London]</marc:subfield>
		</marc:datafield>
		<marc:datafield ind1=" " ind2=" " tag="300">
			<marc:subfield code="a">2 v. ;</marc:subfield>
			<marc:subfield code="c">26 cm.</marc:subfield>
			<marc:subfield code="a">[2 v.]</marc:subfield>
		</marc:datafield>
		<marc:datafield ind1=" " ind2=" " tag="500">
			<marc:subfield code="a">""About one hundred and sixty-five saleable copies; seven were also taken off on vellum.""--v. 1, p. 34."</marc:subfield>
		</marc:datafield>
		<marc:datafield ind1=" " ind2=" " tag="500">
			<marc:subfield code="a">A collection of 101 tales, chiefly from the Italian; many translated from Bandello and Boccaccio.</marc:subfield>
		</marc:datafield>
		<marc:datafield ind1=" " ind2=" " tag="504">
			<marc:subfield code="a">""Bibliographical notices"": v.1, p. [11]-16."</marc:subfield>
		</marc:datafield>
		<marc:datafield ind1=" " ind2="0" tag="650">
			<marc:subfield code="a">English literature</marc:subfield>
			<marc:subfield code="x">Translations from Italian.</marc:subfield>
		</marc:datafield>
		<marc:datafield ind1=" " ind2="0" tag="650">
			<marc:subfield code="a">Italian literature</marc:subfield>
			<marc:subfield code="x">Translations into English.</marc:subfield>
		</marc:datafield>
		<marc:datafield ind1="1" ind2="0" tag="700">
			<marc:subfield code="a">Bandello, Matteo,</marc:subfield>
			<marc:subfield code="d">1485-1561.</marc:subfield>
		</marc:datafield>
		<marc:datafield ind1="1" ind2="0" tag="700">
			<marc:subfield code="a">Boccaccio, Giovanni,</marc:subfield>
			<marc:subfield code="d">1313-1375.</marc:subfield>
		</marc:datafield>
		<marc:datafield ind1="1" ind2="1" tag="700">
			<marc:subfield code="a">Haslewood, Joseph,</marc:subfield>
			<marc:subfield code="d">1769-1833.</marc:subfield>
		</marc:datafield>
		<marc:datafield ind1="2" ind2=" " tag="710">
			<marc:subfield code="a">Early Novels</marc:subfield>
			<marc:subfield code="5">University of Pennsylvania</marc:subfield>
		</marc:datafield>
		<marc:datafield ind1="2" ind2=" " tag="710">
			<marc:subfield code="a">Collection of British and American Fiction, 1660-1830 (University of Pennsylvania)</marc:subfield>
			<marc:subfield code="9">University of Pennsylvania</marc:subfield>
		</marc:datafield>
		<marc:datafield ind1="0" ind2=" " tag="799">
			<marc:subfield code="a">PAUGRLA.D930210.T204251</marc:subfield>
		</marc:datafield>
		<marc:datafield ind1="0" ind2="1" tag="852">
			<marc:subfield code="b">scfurn</marc:subfield>
			<marc:subfield code="h">C45</marc:subfield>
			<marc:subfield code="i">P16(3) PH</marc:subfield>
		</marc:datafield>
		<marc:datafield ind1="3" ind2="0" tag="866">
			<marc:subfield code="8">0</marc:subfield>
			<marc:subfield code="a">v.1-3</marc:subfield>
		</marc:datafield>
		<marc:datafield ind1=" " ind2=" " tag="950">
			<marc:subfield code="l">FURN</marc:subfield>
		</marc:datafield>
		<marc:datafield ind1=" " ind2=" " tag="955">
			<marc:subfield code="l">FURN</marc:subfield>
			<marc:subfield code="c">1:v.1</marc:subfield>
		</marc:datafield>
		<marc:datafield ind1=" " ind2=" " tag="955">
			<marc:subfield code="l">FURN</marc:subfield>
			<marc:subfield code="c">1:v.2</marc:subfield>
		</marc:datafield>
		<marc:datafield ind1=" " ind2=" " tag="955">
			<marc:subfield code="l">FURN</marc:subfield>
			<marc:subfield code="c">1:v.3</marc:subfield>
		</marc:datafield>
		<marc:datafield ind1=" " ind2=" " tag="998">
			<marc:subfield code="a">02/11/93</marc:subfield>
			<marc:subfield code="t">c</marc:subfield>
			<marc:subfield code="s">9117</marc:subfield>
			<marc:subfield code="n">PU</marc:subfield>
			<marc:subfield code="w">CCSG79243735B</marc:subfield>
			<marc:subfield code="d">02/11/93</marc:subfield>
			<marc:subfield code="b">RLA</marc:subfield>
			<marc:subfield code="i">930211</marc:subfield>
			<marc:subfield code="l">PAUG</marc:subfield>
			<marc:subfield code="z">BNA</marc:subfield>
		</marc:datafield>
	</marc:record>