
	<marc:record>
		<marc:leader>02178cam a2200373 i 4500</marc:leader>
		<marc:controlfield tag="001">260797</marc:controlfield>
		<marc:controlfield tag="005">20130321163148.0</marc:controlfield>
		<marc:controlfield tag="008">920217m18121813nyuabj        000 1 eng d</marc:controlfield>
		<marc:datafield ind1=" " ind2=" " tag="035">
			<marc:subfield code="a">(PUVoyagerBIBID)1671129</marc:subfield>
		</marc:datafield>
		<marc:datafield ind1=" " ind2=" " tag="035">
			<marc:subfield code="a">(CStRLIN)PAUGEAJ4272-B</marc:subfield>
		</marc:datafield>
		<marc:datafield ind1=" " ind2=" " tag="035">
			<marc:subfield code="9">EAJ4272</marc:subfield>
		</marc:datafield>
		<marc:datafield ind1=" " ind2=" " tag="035">
			<marc:subfield code="a">(MediadbVoyBIBID)260797</marc:subfield>
		</marc:datafield>
		<marc:datafield ind1=" " ind2=" " tag="035">
			<marc:subfield code="a">(END)rbc_pr3721_n5_1812</marc:subfield>
		</marc:datafield>
		<marc:datafield ind1=" " ind2=" " tag="040">
			<marc:subfield code="a">CLE</marc:subfield>
			<marc:subfield code="c">CLE</marc:subfield>
			<marc:subfield code="d">PU</marc:subfield>
		</marc:datafield>
		<marc:datafield ind1=" " ind2="4" tag="050">
			<marc:subfield code="a">PR3721</marc:subfield>
			<marc:subfield code="b">.N5 1812</marc:subfield>
		</marc:datafield>
		<marc:datafield ind1="1" ind2=" " tag="100">
			<marc:subfield code="a">Swift, Jonathan</marc:subfield>
			<marc:subfield code="d">1667-1745.</marc:subfield>
		</marc:datafield>
		<marc:datafield ind1="1" ind2="4" tag="245">
			<marc:subfield code="a">The works of the Rev. Jonathan Swift, D.D., Dean of St. Patrick\\\'s, Dublin /</marc:subfield>
			<marc:subfield code="c">Arranged by Thomas Sheridan, A.M. with notes, historical and critical.</marc:subfield>
		</marc:datafield>
		<marc:datafield ind1=" " ind2=" " tag="250">
			<marc:subfield code="a">A new edition, in twenty-four volumes, corrected and revised by John Nichols.</marc:subfield>
		</marc:datafield>
		<marc:datafield ind1="0" ind2=" " tag="260">
			<marc:subfield code="a">New York :</marc:subfield>
			<marc:subfield code="b">Published by William Durell and Co.,</marc:subfield>
			<marc:subfield code="c">1812-1813.</marc:subfield>
			<marc:subfield code="a">[New York]</marc:subfield>
		</marc:datafield>
		<marc:datafield ind1=" " ind2=" " tag="300">
			<marc:subfield code="a">24 v. :</marc:subfield>
			<marc:subfield code="b">ill., map, geneal. tab. ;</marc:subfield>
			<marc:subfield code="c">19 cm.</marc:subfield>
			<marc:subfield code="a">[24 v.]</marc:subfield>
		</marc:datafield>
		<marc:datafield ind1=" " ind2="0" tag="440">
			<marc:subfield code="a">British classics ;</marc:subfield>
			<marc:subfield code="v">45-68.</marc:subfield>
		</marc:datafield>
		<marc:datafield ind1="0" ind2=" " tag="505">
			<marc:subfield code="a">v. 1-2. The life of Dr. Swift / by Mr. Sheridan -- v. 3. A tale of a tub. The battle of the books -- v. 4. Political and historical tracts -- v. 5. The Examiner. Some advice to the members of the October Club. The conduct of the allies -- v. 6. Political tracts -- v. 7. Historical tracts -- v. 8. Essays. Miscellaneous periodical papers -- v. 9. Gulliver\\\'s travels -- v. 10-11. Poems -- v. 12. Essays. The drapier\\\'s letters -- v. 13. Tracts relative to Ireland -- v. 14. Sermons. Tracts. Essays -- v. 15-20. Letters -- v. 21-22. Journal to Stella -- v. 23. Miscellanies in prose -- v. 24. Miscellanies in verse. Index.</marc:subfield>
		</marc:datafield>
		<marc:datafield ind1="4" ind2=" " tag="510">
			<marc:subfield code="a">Shaw &amp; Shoemaker,</marc:subfield>
			<marc:subfield code="c">26839.</marc:subfield>
		</marc:datafield>
		<marc:datafield ind1="4" ind2=" " tag="510">
			<marc:subfield code="a">Teerink-Scouten</marc:subfield>
			<marc:subfield code="c">132</marc:subfield>
		</marc:datafield>
		<marc:datafield ind1=" " ind2="4" tag="650">
			<marc:subfield code="a">CHR 1812-1813</marc:subfield>
		</marc:datafield>
		<marc:datafield ind1=" " ind2="4" tag="650">
			<marc:subfield code="a">PRO McGlinn, Frank Cresson Potts, 1914- (donor)</marc:subfield>
		</marc:datafield>
		<marc:datafield ind1=" " ind2="4" tag="650">
			<marc:subfield code="a">PRO Sower, Charles Gilbert, b. 1821 (bookplate)</marc:subfield>
		</marc:datafield>
		<marc:datafield ind1=" " ind2="4" tag="650">
			<marc:subfield code="a">PRO Potts, Nathan R. (autograph)</marc:subfield>
		</marc:datafield>
		<marc:datafield ind1="1" ind2="0" tag="700">
			<marc:subfield code="a">Sheridan, Thomas,</marc:subfield>
			<marc:subfield code="d">1687-1738.</marc:subfield>
		</marc:datafield>
		<marc:datafield ind1="1" ind2="0" tag="700">
			<marc:subfield code="a">Nichols, John,</marc:subfield>
			<marc:subfield code="d">1745-1826.</marc:subfield>
		</marc:datafield>
		<marc:datafield ind1="2" ind2=" " tag="710">
			<marc:subfield code="a">Early Novels</marc:subfield>
			<marc:subfield code="5">University of Pennsylvania</marc:subfield>
		</marc:datafield>
		<marc:datafield ind1="2" ind2=" " tag="710">
			<marc:subfield code="a">Collection of British and American Fiction, 1660-1830 (University of Pennsylvania)</marc:subfield>
			<marc:subfield code="9">University of Pennsylvania</marc:subfield>
		</marc:datafield>
		<marc:datafield ind1="0" ind2=" " tag="852">
			<marc:subfield code="b">scteer</marc:subfield>
			<marc:subfield code="h">PR3721</marc:subfield>
			<marc:subfield code="i">.N5 1812</marc:subfield>
			<marc:subfield code="x">EAJ4272</marc:subfield>
			<marc:subfield code="x">g. Frank C. P. McGlinn</marc:subfield>
		</marc:datafield>
		<marc:datafield ind1="4" ind2="1" tag="866">
			<marc:subfield code="8">0</marc:subfield>
			<marc:subfield code="a">v.1-24</marc:subfield>
		</marc:datafield>
	</marc:record>