
	<marc:record>
		<marc:leader>01903cam a2200433 a 4500</marc:leader>
		<marc:controlfield tag="001">260808</marc:controlfield>
		<marc:controlfield tag="005">20130227142649.0</marc:controlfield>
		<marc:controlfield tag="008">920916s1815    enk           000 1 eng d</marc:controlfield>
		<marc:datafield ind1=" " ind2=" " tag="035">
			<marc:subfield code="a">(PUVoyagerBIBID)1707848</marc:subfield>
		</marc:datafield>
		<marc:datafield ind1=" " ind2=" " tag="035">
			<marc:subfield code="a">(CStRLIN)PAUGEAN1843-B</marc:subfield>
		</marc:datafield>
		<marc:datafield ind1=" " ind2=" " tag="035">
			<marc:subfield code="9">EAN1843</marc:subfield>
		</marc:datafield>
		<marc:datafield ind1=" " ind2=" " tag="035">
			<marc:subfield code="a">(MediadbVoyBIBID)260808</marc:subfield>
		</marc:datafield>
		<marc:datafield ind1=" " ind2=" " tag="035">
			<marc:subfield code="a">(END)sm_pr4069_b5_h47_1815</marc:subfield>
		</marc:datafield>
		<marc:datafield ind1=" " ind2=" " tag="040">
			<marc:subfield code="a">PU</marc:subfield>
			<marc:subfield code="c">PU</marc:subfield>
		</marc:datafield>
		<marc:datafield ind1="1" ind2=" " tag="100">
			<marc:subfield code="a">Barrett, Eaton Stannard</marc:subfield>
			<marc:subfield code="d">1786-1820.</marc:subfield>
		</marc:datafield>
		<marc:datafield ind1="1" ind2="4" tag="245">
			<marc:subfield code="a">The heroine, or, Adventures of Cherubina /</marc:subfield>
			<marc:subfield code="c">by Eaton Stannard Barrett.</marc:subfield>
		</marc:datafield>
		<marc:datafield ind1=" " ind2=" " tag="250">
			<marc:subfield code="a">3rd. ed.</marc:subfield>
		</marc:datafield>
		<marc:datafield ind1=" " ind2=" " tag="260">
			<marc:subfield code="a">London :</marc:subfield>
			<marc:subfield code="b">Printed for Henry Colburn ...,</marc:subfield>
			<marc:subfield code="c">1815.</marc:subfield>
			<marc:subfield code="a">[London]</marc:subfield>
		</marc:datafield>
		<marc:datafield ind1=" " ind2=" " tag="300">
			<marc:subfield code="a">3 v. ;</marc:subfield>
			<marc:subfield code="c">18 cm.</marc:subfield>
			<marc:subfield code="a">[3 v.]</marc:subfield>
		</marc:datafield>
		<marc:datafield ind1=" " ind2=" " tag="590">
			<marc:subfield code="a">Advertisements on first leaf of vols. 2 and 3.</marc:subfield>
		</marc:datafield>
		<marc:datafield ind1=" " ind2="7" tag="656">
			<marc:subfield code="a">Advertisements</marc:subfield>
			<marc:subfield code="z">England</marc:subfield>
			<marc:subfield code="z">London</marc:subfield>
			<marc:subfield code="y">19th century.</marc:subfield>
			<marc:subfield code="2">rbgenr</marc:subfield>
		</marc:datafield>
		<marc:datafield ind1=" " ind2="4" tag="650">
			<marc:subfield code="a">CHR 1815</marc:subfield>
		</marc:datafield>
		<marc:datafield ind1=" " ind2="4" tag="650">
			<marc:subfield code="a">PRO Forrest, Edwin, Estate of (donor) (Forrest copy)</marc:subfield>
		</marc:datafield>
		<marc:datafield ind1=" " ind2="4" tag="650">
			<marc:subfield code="a">PRO Colman, G. (Inscription) (Forrest copy)</marc:subfield>
		</marc:datafield>
		<marc:datafield ind1=" " ind2="4" tag="650">
			<marc:subfield code="a">PRO Barrett, Eaton Stannard (Inscription) (Forrest copy)</marc:subfield>
		</marc:datafield>
		<marc:datafield ind1=" " ind2="4" tag="650">
			<marc:subfield code="a">PRO Morris, Sir Benjamin (bookplate) (Singer-Mendenhall copy 1)</marc:subfield>
		</marc:datafield>
		<marc:datafield ind1=" " ind2="4" tag="650">
			<marc:subfield code="a">PRO Mendenhall, John C. (autograph, April 1927) (donor) (Singer-Mendenhall copy 1)</marc:subfield>
		</marc:datafield>
		<marc:datafield ind1=" " ind2="4" tag="650">
			<marc:subfield code="a">PRO Goff, Joseph Granville Stuart (bookplate) (Singer-Mendenhall copy 2)</marc:subfield>
		</marc:datafield>
		<marc:datafield ind1=" " ind2="4" tag="650">
			<marc:subfield code="a">PRO Singer, Jacob (donor) (Singer-Mendenhall copy 2)</marc:subfield>
		</marc:datafield>
		<marc:datafield ind1=" " ind2="4" tag="650">
			<marc:subfield code="a">PRO Singer, Leah (donor) (Singer-Mendenhall copy 2)</marc:subfield>
		</marc:datafield>
		<marc:datafield ind1=" " ind2="4" tag="650">
			<marc:subfield code="a">PRO Singer, Godfrey F. (honoree) (Singer-Mendenhall copy 2)</marc:subfield>
		</marc:datafield>
		<marc:datafield ind1="2" ind2=" " tag="710">
			<marc:subfield code="a">Early Novels</marc:subfield>
			<marc:subfield code="5">University of Pennsylvania</marc:subfield>
		</marc:datafield>
		<marc:datafield ind1="2" ind2=" " tag="710">
			<marc:subfield code="a">Collection of British and American Fiction, 1660-1830 (University of Pennsylvania)</marc:subfield>
			<marc:subfield code="9">University of Pennsylvania</marc:subfield>
		</marc:datafield>
		<marc:datafield ind1="0" ind2=" " tag="740">
			<marc:subfield code="a">Heroine.</marc:subfield>
		</marc:datafield>
		<marc:datafield ind1="0" ind2=" " tag="740">
			<marc:subfield code="a">Adventures of Cherubina.</marc:subfield>
		</marc:datafield>
		<marc:datafield ind1=" " ind2=" " tag="752">
			<marc:subfield code="a">England</marc:subfield>
			<marc:subfield code="d">London.</marc:subfield>
		</marc:datafield>
		<marc:datafield ind1="0" ind2=" " tag="852">
			<marc:subfield code="b">scsing</marc:subfield>
			<marc:subfield code="h">PR4069.B5</marc:subfield>
			<marc:subfield code="i">H47 1815</marc:subfield>
			<marc:subfield code="x">50-1471</marc:subfield>
			<marc:subfield code="x">g. Mendenhall</marc:subfield>
			<marc:subfield code="x">recl. fr. EC8/B2755/813h/1815</marc:subfield>
		</marc:datafield>
		<marc:datafield ind1="4" ind2="1" tag="866">
			<marc:subfield code="8">0</marc:subfield>
			<marc:subfield code="a">v.1-3</marc:subfield>
		</marc:datafield>
		<marc:datafield ind1=" " ind2=" " tag="948">
			<marc:subfield code="a">ajs#</marc:subfield>
			<marc:subfield code="a">add loc:jl 1/29/94</marc:subfield>
		</marc:datafield>
	</marc:record>