
	<marc:record>
		<marc:leader>01588cam a2200337 i 4500</marc:leader>
		<marc:controlfield tag="001">260821</marc:controlfield>
		<marc:controlfield tag="005">20130314164317.0</marc:controlfield>
		<marc:controlfield tag="008">930901s1817    nyu           000 1 eng d</marc:controlfield>
		<marc:datafield ind1=" " ind2=" " tag="035">
			<marc:subfield code="a">(PUVoyagerBIBID)1773862</marc:subfield>
		</marc:datafield>
		<marc:datafield ind1=" " ind2=" " tag="035">
			<marc:subfield code="a">(CStRLIN)PAUGEAU8983-B</marc:subfield>
		</marc:datafield>
		<marc:datafield ind1=" " ind2=" " tag="035">
			<marc:subfield code="a">(MediadbVoyBIBID)260821</marc:subfield>
		</marc:datafield>
		<marc:datafield ind1=" " ind2=" " tag="035">
			<marc:subfield code="a">(END)ps2359_m717_l7_1817</marc:subfield>
		</marc:datafield>
		<marc:datafield ind1=" " ind2="4" tag="050">
			<marc:subfield code="a">PS2359.M717</marc:subfield>
			<marc:subfield code="b">L7 1817</marc:subfield>
		</marc:datafield>
		<marc:datafield ind1="1" ind2=" " tag="100">
			<marc:subfield code="a">Manvill, P.D</marc:subfield>
		</marc:datafield>
		<marc:datafield ind1="1" ind2="0" tag="245">
			<marc:subfield code="a">Lucinda, or, The mountain mourner : Being recent facts in a series of letters /</marc:subfield>
			<marc:subfield code="c">from Mrs. Manvill, in the State of New-York, to her sister in Pennsylvania.</marc:subfield>
		</marc:datafield>
		<marc:datafield ind1="3" ind2="0" tag="246">
			<marc:subfield code="a">Mountain mourner</marc:subfield>
		</marc:datafield>
		<marc:datafield ind1=" " ind2=" " tag="250">
			<marc:subfield code="a">Third edition, with additions.</marc:subfield>
			<marc:subfield code="b">Third edition.</marc:subfield>
		</marc:datafield>
		<marc:datafield ind1=" " ind2=" " tag="260">
			<marc:subfield code="a">Ballston Spa, NY :</marc:subfield>
			<marc:subfield code="b">Printed by J. Comstock, for R. Sears,</marc:subfield>
			<marc:subfield code="c">1817.</marc:subfield>
			<marc:subfield code="a">[Ballston Spa, NY]</marc:subfield>
		</marc:datafield>
		<marc:datafield ind1=" " ind2=" " tag="300">
			<marc:subfield code="a">180 p. ;</marc:subfield>
			<marc:subfield code="c">15 cm.</marc:subfield>
			<marc:subfield code="a">[1 v.]</marc:subfield>
		</marc:datafield>
		<marc:datafield ind1=" " ind2=" " tag="500">
			<marc:subfield code="a">Letters XIV, XXX and XXXI from Mrs. Manvill are signed P. D. Manvill. Letter XIII from Mr. Manvill is signed A. M.</marc:subfield>
		</marc:datafield>
		<marc:datafield ind1=" " ind2=" " tag="500">
			<marc:subfield code="a">Prefatory matter includes letter signed by Salmon Child and John Prior, establishing authenticity of succeeding pages.</marc:subfield>
		</marc:datafield>
		<marc:datafield ind1=" " ind2=" " tag="500">
			<marc:subfield code="a">Letters are dated 1806-1810.</marc:subfield>
		</marc:datafield>
		<marc:datafield ind1="4" ind2=" " tag="510">
			<marc:subfield code="a">Sabin</marc:subfield>
			<marc:subfield code="c">44435</marc:subfield>
		</marc:datafield>
		<marc:datafield ind1="4" ind2=" " tag="510">
			<marc:subfield code="a">Wright, L.H. Amer. fiction, 1774-1850 (2nd ed.),</marc:subfield>
			<marc:subfield code="c">1802.</marc:subfield>
		</marc:datafield>
		<marc:datafield ind1="4" ind2=" " tag="510">
			<marc:subfield code="a">Shaw &amp; Shoemaker</marc:subfield>
			<marc:subfield code="c">41342.</marc:subfield>
		</marc:datafield>
		<marc:datafield ind1="1" ind2="0" tag="600">
			<marc:subfield code="a">Manvill, Lucinda,</marc:subfield>
			<marc:subfield code="d">d. 1806.</marc:subfield>
		</marc:datafield>
		<marc:datafield ind1=" " ind2="0" tag="650">
			<marc:subfield code="a">Women</marc:subfield>
			<marc:subfield code="z">New York (State)</marc:subfield>
			<marc:subfield code="z">Greenfield.</marc:subfield>
		</marc:datafield>
		<marc:datafield ind1=" " ind2="4" tag="650">
			<marc:subfield code="a">CHR 1817</marc:subfield>
		</marc:datafield>
		<marc:datafield ind1="2" ind2=" " tag="710">
			<marc:subfield code="a">Early Novels</marc:subfield>
			<marc:subfield code="5">University of Pennsylvania</marc:subfield>
		</marc:datafield>
		<marc:datafield ind1="2" ind2=" " tag="710">
			<marc:subfield code="a">Collection of British and American Fiction, 1660-1830 (University of Pennsylvania)</marc:subfield>
			<marc:subfield code="9">University of Pennsylvania</marc:subfield>
		</marc:datafield>
		<marc:datafield ind1="0" ind2=" " tag="852">
			<marc:subfield code="b">scrare</marc:subfield>
			<marc:subfield code="h">PS2359.M717</marc:subfield>
			<marc:subfield code="i">L7 1817</marc:subfield>
			<marc:subfield code="x">51-1707</marc:subfield>
			<marc:subfield code="x">dir. pur.</marc:subfield>
		</marc:datafield>
	</marc:record>