
	<marc:record>
		<marc:leader>02128cam a2200421 i 4500</marc:leader>
		<marc:controlfield tag="001">260824</marc:controlfield>
		<marc:controlfield tag="005">20130214163648.0</marc:controlfield>
		<marc:controlfield tag="008">790516s1811    enka          00010 eng  </marc:controlfield>
		<marc:datafield ind1=" " ind2=" " tag="010">
			<marc:subfield code="a">44038688  </marc:subfield>
		</marc:datafield>
		<marc:datafield ind1=" " ind2=" " tag="035">
			<marc:subfield code="a">(PUVoyagerBIBID)1775770</marc:subfield>
		</marc:datafield>
		<marc:datafield ind1=" " ind2=" " tag="035">
			<marc:subfield code="a">(CStRLIN)PAUGEAV0942-B</marc:subfield>
		</marc:datafield>
		<marc:datafield ind1=" " ind2=" " tag="035">
			<marc:subfield code="a">(CStRLIN)PAUGEAV0942-B</marc:subfield>
		</marc:datafield>
		<marc:datafield ind1=" " ind2=" " tag="035">
			<marc:subfield code="9">EAV0942</marc:subfield>
		</marc:datafield>
		<marc:datafield ind1=" " ind2=" " tag="035">
			<marc:subfield code="a">(MediadbVoyBIBID)260824</marc:subfield>
		</marc:datafield>
		<marc:datafield ind1=" " ind2=" " tag="035">
			<marc:subfield code="a">(END)pj7715_s35_1811</marc:subfield>
		</marc:datafield>
		<marc:datafield ind1=" " ind2=" " tag="040">
			<marc:subfield code="c">IEN</marc:subfield>
			<marc:subfield code="d">IEN</marc:subfield>
		</marc:datafield>
		<marc:datafield ind1=" " ind2=" " tag="050">
			<marc:subfield code="a">PJ7715</marc:subfield>
			<marc:subfield code="b">.S35 1811</marc:subfield>
		</marc:datafield>
		<marc:datafield ind1=" " ind2=" " tag="090">
			<marc:subfield code="f">h</marc:subfield>
			<marc:subfield code="n">\\\\rk\\\\</marc:subfield>
			<marc:subfield code="n">\\\\loc:rrn\\\\</marc:subfield>
		</marc:datafield>
		<marc:datafield ind1="0" ind2=" " tag="130">
			<marc:subfield code="a">Arabian nights.</marc:subfield>
		</marc:datafield>
		<marc:datafield ind1="1" ind2="4" tag="245">
			<marc:subfield code="a">The Arabian nights entertainments :</marc:subfield>
			<marc:subfield code="b">carefully revised, and occasionally corrected from the Arabic : to which is added, a selection of new tales, now first translated from the Arabic originals, also, an introduction and notes, illustrative of the religion, manners and customs, of the Mahummedans /</marc:subfield>
			<marc:subfield code="c">by Jonathan Scott.</marc:subfield>
		</marc:datafield>
		<marc:datafield ind1=" " ind2=" " tag="246">
			<marc:subfield code="a">The Arabian nights entertainments :</marc:subfield>
			<marc:subfield code="b">carefully revised, and occasionally corrected from the Arabic : to which is added, a selection of new tales, now first translated from the Arabic originals, also, an introduction and notes, illustrative of the religion, manners and customs, of the Mahummedans /</marc:subfield>
			<marc:subfield code="c">by Jonathan Scott.</marc:subfield>
		</marc:datafield>
		<marc:datafield ind1=" " ind2=" " tag="260">
			<marc:subfield code="a">London :</marc:subfield>
			<marc:subfield code="b">Printed for Longman, Hurst, Rees, Orme, and Brown,</marc:subfield>
			<marc:subfield code="c">1811.</marc:subfield>
			<marc:subfield code="a">[London]</marc:subfield>
		</marc:datafield>
		<marc:datafield ind1=" " ind2=" " tag="300">
			<marc:subfield code="a">6 v. ;</marc:subfield>
			<marc:subfield code="c">16 cm.</marc:subfield>
			<marc:subfield code="a">[6 v.]</marc:subfield>
		</marc:datafield>
		<marc:datafield ind1="4" ind2=" " tag="510">
			<marc:subfield code="a">Block, A.  Engl. novel (1961 ed.),</marc:subfield>
			<marc:subfield code="c">p.208</marc:subfield>
		</marc:datafield>
		<marc:datafield ind1=" " ind2=" " tag="590">
			<marc:subfield code="a">Vol. 1 imperfect: all after p. 332 wanting.</marc:subfield>
		</marc:datafield>
		<marc:datafield ind1=" " ind2="4" tag="650">
			<marc:subfield code="a">CHR 1811</marc:subfield>
		</marc:datafield>
		<marc:datafield ind1=" " ind2="4" tag="650">
			<marc:subfield code="a">PRO Forrest, Edwin, Estate of (donor) (Forrest copy)</marc:subfield>
		</marc:datafield>
		<marc:datafield ind1="1" ind2="0" tag="700">
			<marc:subfield code="a">Scott, Jonathan,</marc:subfield>
			<marc:subfield code="d">1754-1829.</marc:subfield>
		</marc:datafield>
		<marc:datafield ind1="2" ind2=" " tag="710">
			<marc:subfield code="a">Early Novels</marc:subfield>
			<marc:subfield code="5">University of Pennsylvania</marc:subfield>
		</marc:datafield>
		<marc:datafield ind1="2" ind2=" " tag="710">
			<marc:subfield code="a">Collection of British and American Fiction, 1660-1830 (University of Pennsylvania)</marc:subfield>
			<marc:subfield code="9">University of Pennsylvania</marc:subfield>
		</marc:datafield>
		<marc:datafield ind1="0" ind2=" " tag="852">
			<marc:subfield code="b">scrare</marc:subfield>
			<marc:subfield code="h">PJ7715</marc:subfield>
			<marc:subfield code="i">.S35 1811</marc:subfield>
			<marc:subfield code="x">g. Tr. fr. Van Pelt, 7-12-96</marc:subfield>
		</marc:datafield>
		<marc:datafield ind1="4" ind2="1" tag="866">
			<marc:subfield code="8">0</marc:subfield>
			<marc:subfield code="a">v.1-6</marc:subfield>
		</marc:datafield>
		<marc:datafield ind1=" " ind2=" " tag="948">
			<marc:subfield code="a">rk</marc:subfield>
			<marc:subfield code="a">loc:rrn</marc:subfield>
			<marc:subfield code="a">tr:lmf</marc:subfield>
		</marc:datafield>
		<marc:datafield ind1=" " ind2=" " tag="950">
			<marc:subfield code="l">RBC</marc:subfield>
			<marc:subfield code="a">PJ7715</marc:subfield>
			<marc:subfield code="b">.S35 1811</marc:subfield>
			<marc:subfield code="i">01/01/01 N</marc:subfield>
			<marc:subfield code="x">010</marc:subfield>
		</marc:datafield>
		<marc:datafield ind1=" " ind2=" " tag="950">
			<marc:subfield code="l">VPL</marc:subfield>
			<marc:subfield code="a">PJ7715</marc:subfield>
			<marc:subfield code="b">.S35 1811</marc:subfield>
			<marc:subfield code="i">01/01/01 N</marc:subfield>
			<marc:subfield code="x">010</marc:subfield>
		</marc:datafield>
		<marc:datafield ind1=" " ind2=" " tag="955">
			<marc:subfield code="l">RBC</marc:subfield>
			<marc:subfield code="c">1:v.1-6</marc:subfield>
			<marc:subfield code="s">g. Forrest estate</marc:subfield>
			<marc:subfield code="s">Recl. fr. Sc847</marc:subfield>
		</marc:datafield>
		<marc:datafield ind1=" " ind2=" " tag="955">
			<marc:subfield code="l">VPL</marc:subfield>
			<marc:subfield code="c">1:v.1-6</marc:subfield>
			<marc:subfield code="s">g.</marc:subfield>
		</marc:datafield>
		<marc:datafield ind1=" " ind2=" " tag="998">
			<marc:subfield code="s">9665</marc:subfield>
			<marc:subfield code="n">PU</marc:subfield>
			<marc:subfield code="z">BNA</marc:subfield>
		</marc:datafield>
	</marc:record>