
	<marc:record>
		<marc:leader>01186cam a2200277 i 4500</marc:leader>
		<marc:controlfield tag="001">260828</marc:controlfield>
		<marc:controlfield tag="005">20130319155202.0</marc:controlfield>
		<marc:controlfield tag="008">931213s1815    deu           000 f eng d</marc:controlfield>
		<marc:datafield ind1=" " ind2=" " tag="035">
			<marc:subfield code="a">(PUVoyagerBIBID)1791777</marc:subfield>
		</marc:datafield>
		<marc:datafield ind1=" " ind2=" " tag="035">
			<marc:subfield code="a">(CStRLIN)PAUGEAW7142-B</marc:subfield>
		</marc:datafield>
		<marc:datafield ind1=" " ind2=" " tag="035">
			<marc:subfield code="a">(MediadbVoyBIBID)260828</marc:subfield>
		</marc:datafield>
		<marc:datafield ind1=" " ind2=" " tag="035">
			<marc:subfield code="a">(END)ps708_b5_m6_1815</marc:subfield>
		</marc:datafield>
		<marc:datafield ind1=" " ind2=" " tag="040">
			<marc:subfield code="a">PPL</marc:subfield>
			<marc:subfield code="d">PU</marc:subfield>
		</marc:datafield>
		<marc:datafield ind1=" " ind2="4" tag="050">
			<marc:subfield code="a">PS708.B5</marc:subfield>
			<marc:subfield code="b">M6 1815</marc:subfield>
		</marc:datafield>
		<marc:datafield ind1="1" ind2=" " tag="100">
			<marc:subfield code="a">Brackenridge, H. H</marc:subfield>
			<marc:subfield code="q">(Hugh Henry),</marc:subfield>
			<marc:subfield code="d">1748-1816</marc:subfield>
		</marc:datafield>
		<marc:datafield ind1="1" ind2="0" tag="245">
			<marc:subfield code="a">Modern chivalry :</marc:subfield>
			<marc:subfield code="b">containing the adventures of a captain, and Teague O\\\'Regan, his servant /</marc:subfield>
			<marc:subfield code="c">By H.H. Brackenridge.</marc:subfield>
		</marc:datafield>
		<marc:datafield ind1=" " ind2=" " tag="260">
			<marc:subfield code="a">Wilmington :</marc:subfield>
			<marc:subfield code="b">Printed by and sold by George Metz,</marc:subfield>
			<marc:subfield code="c">1815.</marc:subfield>
			<marc:subfield code="a">[Wilmington, DE]</marc:subfield>
		</marc:datafield>
		<marc:datafield ind1=" " ind2=" " tag="300">
			<marc:subfield code="a">276 p. ;</marc:subfield>
			<marc:subfield code="c">17 cm. (12mo)</marc:subfield>
			<marc:subfield code="a">[1 v.]</marc:subfield>
		</marc:datafield>
		<marc:datafield ind1=" " ind2=" " tag="500">
			<marc:subfield code="a">Vol. II has divisional tp. only; pagination and register are continuous.</marc:subfield>
		</marc:datafield>
		<marc:datafield ind1=" " ind2=" " tag="500">
			<marc:subfield code="a">Not in BAL.</marc:subfield>
		</marc:datafield>
		<marc:datafield ind1="4" ind2=" " tag="510">
			<marc:subfield code="a">Wright, L.H.  Amer. fiction, 1774-1850 (2nd ed.),</marc:subfield>
			<marc:subfield code="c">361</marc:subfield>
		</marc:datafield>
		<marc:datafield ind1="4" ind2=" " tag="510">
			<marc:subfield code="a">Shaw &amp; Shoemaker,</marc:subfield>
			<marc:subfield code="c">34191.</marc:subfield>
		</marc:datafield>
		<marc:datafield ind1=" " ind2="4" tag="650">
			<marc:subfield code="a">CHR 1815</marc:subfield>
		</marc:datafield>
		<marc:datafield ind1="2" ind2=" " tag="710">
			<marc:subfield code="a">Early Novels</marc:subfield>
			<marc:subfield code="5">University of Pennsylvania</marc:subfield>
		</marc:datafield>
		<marc:datafield ind1="2" ind2=" " tag="710">
			<marc:subfield code="a">Collection of British and American Fiction, 1660-1830 (University of Pennsylvania)</marc:subfield>
			<marc:subfield code="9">University of Pennsylvania</marc:subfield>
		</marc:datafield>
		<marc:datafield ind1="0" ind2=" " tag="852">
			<marc:subfield code="b">scrare</marc:subfield>
			<marc:subfield code="h">PS708.B5</marc:subfield>
			<marc:subfield code="i">M6 1815</marc:subfield>
			<marc:subfield code="x">EAW7142</marc:subfield>
			<marc:subfield code="x">dir. pur.</marc:subfield>
			<marc:subfield code="x">52-118</marc:subfield>
		</marc:datafield>
	</marc:record>