
	<marc:record>
		<marc:leader>01557cam a22003731  4500</marc:leader>
		<marc:controlfield tag="001">260891</marc:controlfield>
		<marc:controlfield tag="005">20130312180638.0</marc:controlfield>
		<marc:controlfield tag="008">821223s1817    nyu           00000 eng  </marc:controlfield>
		<marc:datafield ind1=" " ind2=" " tag="010">
			<marc:subfield code="a">rc 01002430  </marc:subfield>
		</marc:datafield>
		<marc:datafield ind1=" " ind2=" " tag="035">
			<marc:subfield code="a">(PUVoyagerBIBID)1803204</marc:subfield>
		</marc:datafield>
		<marc:datafield ind1=" " ind2=" " tag="035">
			<marc:subfield code="a">(CStRLIN)PAUGEAX8758-B</marc:subfield>
		</marc:datafield>
		<marc:datafield ind1=" " ind2=" " tag="035">
			<marc:subfield code="a">(MediadbVoyBIBID)260891</marc:subfield>
		</marc:datafield>
		<marc:datafield ind1=" " ind2=" " tag="035">
			<marc:subfield code="a">(END)sm_f230_p32_1817_v1</marc:subfield>
		</marc:datafield>
		<marc:datafield ind1=" " ind2=" " tag="035">
			<marc:subfield code="a">(END)sm_f230_p32_1817_v2</marc:subfield>
		</marc:datafield>
		<marc:datafield ind1=" " ind2=" " tag="040">
			<marc:subfield code="c">CarP</marc:subfield>
		</marc:datafield>
		<marc:datafield ind1=" " ind2=" " tag="043">
			<marc:subfield code="a">n-us-va</marc:subfield>
		</marc:datafield>
		<marc:datafield ind1="0" ind2=" " tag="050">
			<marc:subfield code="a">F230</marc:subfield>
			<marc:subfield code="b">.P32 (Office)</marc:subfield>
		</marc:datafield>
		<marc:datafield ind1="1" ind2="0" tag="100">
			<marc:subfield code="a">Paulding, James Kirke</marc:subfield>
			<marc:subfield code="d">1778-1860.</marc:subfield>
		</marc:datafield>
		<marc:datafield ind1="1" ind2="0" tag="245">
			<marc:subfield code="a">Letters from the South :</marc:subfield>
			<marc:subfield code="b">written during an excursion in the summer of 1816 /</marc:subfield>
			<marc:subfield code="c">by the author of John Bull and Brother Jonathan, &amp;c. &amp;c.</marc:subfield>
		</marc:datafield>
		<marc:datafield ind1="0" ind2=" " tag="260">
			<marc:subfield code="a">New York :</marc:subfield>
			<marc:subfield code="b">Published by James Eastburn &amp; co. at the Literary rooms, Broadway, corner of Pine-street. Abraham Paul, printer,</marc:subfield>
			<marc:subfield code="c">1817.</marc:subfield>
			<marc:subfield code="a">[New York]</marc:subfield>
		</marc:datafield>
		<marc:datafield ind1=" " ind2=" " tag="300">
			<marc:subfield code="a">2 v. ;</marc:subfield>
			<marc:subfield code="c">19 cm.</marc:subfield>
			<marc:subfield code="a">[2 v.]</marc:subfield>
		</marc:datafield>
		<marc:datafield ind1="4" ind2=" " tag="510">
			<marc:subfield code="a">Shaw &amp; Shoemaker</marc:subfield>
			<marc:subfield code="c">41738</marc:subfield>
		</marc:datafield>
		<marc:datafield ind1=" " ind2="4" tag="650">
			<marc:subfield code="a">CHR 1817</marc:subfield>
		</marc:datafield>
		<marc:datafield ind1=" " ind2="4" tag="650">
			<marc:subfield code="a">PRO Simonson, A.(?)S. (autograph, Nov. 1825)</marc:subfield>
		</marc:datafield>
		<marc:datafield ind1=" " ind2="0" tag="651">
			<marc:subfield code="a">Southern States</marc:subfield>
			<marc:subfield code="x">Social life and customs.</marc:subfield>
		</marc:datafield>
		<marc:datafield ind1=" " ind2="0" tag="651">
			<marc:subfield code="a">Virginia</marc:subfield>
			<marc:subfield code="x">Description and travel.</marc:subfield>
		</marc:datafield>
		<marc:datafield ind1="2" ind2=" " tag="710">
			<marc:subfield code="a">Early Novels</marc:subfield>
			<marc:subfield code="5">University of Pennsylvania</marc:subfield>
		</marc:datafield>
		<marc:datafield ind1="2" ind2=" " tag="710">
			<marc:subfield code="a">Collection of British and American Fiction, 1660-1830 (University of Pennsylvania)</marc:subfield>
			<marc:subfield code="9">University of Pennsylvania</marc:subfield>
		</marc:datafield>
		<marc:datafield ind1="0" ind2=" " tag="852">
			<marc:subfield code="b">scsing</marc:subfield>
			<marc:subfield code="h">F230</marc:subfield>
			<marc:subfield code="i">.P32 1817</marc:subfield>
			<marc:subfield code="x">725885-86</marc:subfield>
			<marc:subfield code="x">recl. fr. AC8/P2822/817l &amp; 917.55/P284</marc:subfield>
		</marc:datafield>
		<marc:datafield ind1="4" ind2="1" tag="866">
			<marc:subfield code="8">0</marc:subfield>
			<marc:subfield code="a">v.1-2</marc:subfield>
		</marc:datafield>
		<marc:datafield ind1=" " ind2=" " tag="948">
			<marc:subfield code="a">jl</marc:subfield>
		</marc:datafield>
		<marc:datafield ind1=" " ind2=" " tag="950">
			<marc:subfield code="l">RBC</marc:subfield>
			<marc:subfield code="a">F230</marc:subfield>
			<marc:subfield code="b">.P32 1817</marc:subfield>
			<marc:subfield code="i">01/01/01 N</marc:subfield>
			<marc:subfield code="x">010</marc:subfield>
		</marc:datafield>
		<marc:datafield ind1=" " ind2=" " tag="955">
			<marc:subfield code="l">RBC</marc:subfield>
			<marc:subfield code="c">1:v.1-2</marc:subfield>
			<marc:subfield code="s">725885-86</marc:subfield>
			<marc:subfield code="s">recl. fr. AC8/P2822/817l &amp; 917.55/P284</marc:subfield>
		</marc:datafield>
		<marc:datafield ind1=" " ind2=" " tag="998">
			<marc:subfield code="s">9665</marc:subfield>
			<marc:subfield code="n">PU</marc:subfield>
			<marc:subfield code="z">BNA</marc:subfield>
		</marc:datafield>
	</marc:record>