
	<marc:record>
		<marc:leader>01983cam a2200481 a 4500</marc:leader>
		<marc:controlfield tag="001">260893</marc:controlfield>
		<marc:controlfield tag="005">20130321171538.0</marc:controlfield>
		<marc:controlfield tag="008">921202s1818    enkaf  j      00000 eng d</marc:controlfield>
		<marc:datafield ind1=" " ind2=" " tag="010">
			<marc:subfield code="a">15018388 //r49 </marc:subfield>
		</marc:datafield>
		<marc:datafield ind1=" " ind2=" " tag="035">
			<marc:subfield code="a">(PUVoyagerBIBID)1806523</marc:subfield>
		</marc:datafield>
		<marc:datafield ind1=" " ind2=" " tag="035">
			<marc:subfield code="a">(CStRLIN)PAUGEAY2107-B</marc:subfield>
		</marc:datafield>
		<marc:datafield ind1=" " ind2=" " tag="035">
			<marc:subfield code="9">EAY2107</marc:subfield>
		</marc:datafield>
		<marc:datafield ind1=" " ind2=" " tag="035">
			<marc:subfield code="a">(MediadbVoyBIBID)260893</marc:subfield>
		</marc:datafield>
		<marc:datafield ind1=" " ind2=" " tag="035">
			<marc:subfield code="a">(END)rbc_pe1109_g69_1818</marc:subfield>
		</marc:datafield>
		<marc:datafield ind1=" " ind2=" " tag="040">
			<marc:subfield code="a">NNPM</marc:subfield>
			<marc:subfield code="c">NNPM</marc:subfield>
			<marc:subfield code="d">PP</marc:subfield>
			<marc:subfield code="d">PU</marc:subfield>
		</marc:datafield>
		<marc:datafield ind1=" " ind2=" " tag="050">
			<marc:subfield code="a">PE1109</marc:subfield>
			<marc:subfield code="b">.G69</marc:subfield>
		</marc:datafield>
		<marc:datafield ind1=" " ind2=" " tag="090">
			<marc:subfield code="f">h</marc:subfield>
			<marc:subfield code="n">\\\\2 mf\\\\</marc:subfield>
			<marc:subfield code="n">\\\\rk\\\\</marc:subfield>
		</marc:datafield>
		<marc:datafield ind1="1" ind2=" " tag="100">
			<marc:subfield code="a">Graham, Elizabeth Susanna Davenport</marc:subfield>
			<marc:subfield code="d">1762 or 3-1844.</marc:subfield>
		</marc:datafield>
		<marc:datafield ind1="1" ind2="0" tag="245">
			<marc:subfield code="a">Voyage to Locuta :</marc:subfield>
			<marc:subfield code="b">a fragment, with etchings and notes of illustration : dedicated to Theresa Tidy ... /</marc:subfield>
			<marc:subfield code="c">by Lemuel Gulliver, Jun.</marc:subfield>
		</marc:datafield>
		<marc:datafield ind1=" " ind2=" " tag="260">
			<marc:subfield code="a">London :</marc:subfield>
			<marc:subfield code="b">Printed for J. Hatchard ... ,</marc:subfield>
			<marc:subfield code="c">1818</marc:subfield>
			<marc:subfield code="e">(London :</marc:subfield>
			<marc:subfield code="f">Printed by S. Gosnell)</marc:subfield>
			<marc:subfield code="a">[London]</marc:subfield>
		</marc:datafield>
		<marc:datafield ind1=" " ind2=" " tag="300">
			<marc:subfield code="a">47, [5] p., [6] leaves of plates :</marc:subfield>
			<marc:subfield code="b">ill. ;</marc:subfield>
			<marc:subfield code="c">18 cm.</marc:subfield>
			<marc:subfield code="a">[1 v.]</marc:subfield>
		</marc:datafield>
		<marc:datafield ind1=" " ind2=" " tag="500">
			<marc:subfield code="a">A tract on English language grammar.</marc:subfield>
		</marc:datafield>
		<marc:datafield ind1=" " ind2=" " tag="500">
			<marc:subfield code="a">Caption title: Fragment of a journal.</marc:subfield>
		</marc:datafield>
		<marc:datafield ind1=" " ind2=" " tag="500">
			<marc:subfield code="a">Printer\\\'s name from colophon.</marc:subfield>
		</marc:datafield>
		<marc:datafield ind1=" " ind2=" " tag="500">
			<marc:subfield code="a">Advertisements on last two leaves.</marc:subfield>
		</marc:datafield>
		<marc:datafield ind1="4" ind2=" " tag="510">
			<marc:subfield code="a">Osborne Coll.</marc:subfield>
			<marc:subfield code="c">710-711</marc:subfield>
		</marc:datafield>
		<marc:datafield ind1="4" ind2=" " tag="510">
			<marc:subfield code="a">Halkett &amp; Laing (2nd ed.)</marc:subfield>
			<marc:subfield code="c">VI, 200</marc:subfield>
		</marc:datafield>
		<marc:datafield ind1="4" ind2=" " tag="510">
			<marc:subfield code="a">Block, A.  Engl. novel (1961 ed.),</marc:subfield>
			<marc:subfield code="c">p.89</marc:subfield>
		</marc:datafield>
		<marc:datafield ind1=" " ind2=" " tag="590">
			<marc:subfield code="a">Imperfect: half-title wanting.</marc:subfield>
		</marc:datafield>
		<marc:datafield ind1=" " ind2="1" tag="650">
			<marc:subfield code="a">English language</marc:subfield>
			<marc:subfield code="x">Grammar.</marc:subfield>
		</marc:datafield>
		<marc:datafield ind1=" " ind2="4" tag="650">
			<marc:subfield code="a">CHR 1818</marc:subfield>
		</marc:datafield>
		<marc:datafield ind1=" " ind2="4" tag="650">
			<marc:subfield code="a">PRO Graham, Elizabeth Susanna Davenport (inscription)</marc:subfield>
		</marc:datafield>
		<marc:datafield ind1=" " ind2="4" tag="650">
			<marc:subfield code="a">PRO Pryor(?), Edith (inscription, 1900)</marc:subfield>
		</marc:datafield>
		<marc:datafield ind1=" " ind2="4" tag="650">
			<marc:subfield code="a">PRO Briggs, L. Vernon (autograph, 1900)</marc:subfield>
		</marc:datafield>
		<marc:datafield ind1=" " ind2="7" tag="656">
			<marc:subfield code="a">Advertisements</marc:subfield>
			<marc:subfield code="z">England</marc:subfield>
			<marc:subfield code="z">London</marc:subfield>
			<marc:subfield code="y">19th century.</marc:subfield>
			<marc:subfield code="2">rbgenr</marc:subfield>
		</marc:datafield>
		<marc:datafield ind1="2" ind2=" " tag="710">
			<marc:subfield code="a">Early Novels</marc:subfield>
			<marc:subfield code="5">University of Pennsylvania</marc:subfield>
		</marc:datafield>
		<marc:datafield ind1="2" ind2=" " tag="710">
			<marc:subfield code="a">Collection of British and American Fiction, 1660-1830 (University of Pennsylvania)</marc:subfield>
			<marc:subfield code="9">University of Pennsylvania</marc:subfield>
		</marc:datafield>
		<marc:datafield ind1="0" ind2="1" tag="740">
			<marc:subfield code="a">Fragment of a journal.</marc:subfield>
		</marc:datafield>
		<marc:datafield ind1="0" ind2=" " tag="852">
			<marc:subfield code="b">scteer</marc:subfield>
			<marc:subfield code="h">PE1109</marc:subfield>
			<marc:subfield code="i">.G69 1818</marc:subfield>
			<marc:subfield code="x">pur.</marc:subfield>
		</marc:datafield>
		<marc:datafield ind1=" " ind2=" " tag="948">
			<marc:subfield code="a">2 mf</marc:subfield>
			<marc:subfield code="a">rk</marc:subfield>
		</marc:datafield>
		<marc:datafield ind1=" " ind2=" " tag="950">
			<marc:subfield code="l">RBC</marc:subfield>
			<marc:subfield code="a">PE1109</marc:subfield>
			<marc:subfield code="b">.G69 1818</marc:subfield>
			<marc:subfield code="i">01/01/01 N</marc:subfield>
			<marc:subfield code="x">010</marc:subfield>
		</marc:datafield>
		<marc:datafield ind1=" " ind2=" " tag="955">
			<marc:subfield code="l">RBC</marc:subfield>
			<marc:subfield code="c">1</marc:subfield>
			<marc:subfield code="s">pur.</marc:subfield>
		</marc:datafield>
		<marc:datafield ind1=" " ind2=" " tag="998">
			<marc:subfield code="s">9114</marc:subfield>
			<marc:subfield code="n">PU</marc:subfield>
			<marc:subfield code="z">BNA</marc:subfield>
		</marc:datafield>
	</marc:record>