
	<marc:record>
		<marc:leader>02031cam a2200421 a 4500</marc:leader>
		<marc:controlfield tag="001">260897</marc:controlfield>
		<marc:controlfield tag="005">20130320175007.0</marc:controlfield>
		<marc:controlfield tag="008">850109s1812    pau           000 1 eng d</marc:controlfield>
		<marc:datafield ind1=" " ind2=" " tag="035">
			<marc:subfield code="a">(PUVoyagerBIBID)1806711</marc:subfield>
		</marc:datafield>
		<marc:datafield ind1=" " ind2=" " tag="035">
			<marc:subfield code="a">(CStRLIN)PAUGEAY2295-B</marc:subfield>
		</marc:datafield>
		<marc:datafield ind1=" " ind2=" " tag="035">
			<marc:subfield code="9">EAY2295</marc:subfield>
		</marc:datafield>
		<marc:datafield ind1=" " ind2=" " tag="035">
			<marc:subfield code="a">(MediadbVoyBIBID)260897</marc:subfield>
		</marc:datafield>
		<marc:datafield ind1=" " ind2=" " tag="035">
			<marc:subfield code="a">(END)sm_da538_a2_s65_1812</marc:subfield>
		</marc:datafield>
		<marc:datafield ind1=" " ind2=" " tag="040">
			<marc:subfield code="a">MWA</marc:subfield>
			<marc:subfield code="c">MWA</marc:subfield>
			<marc:subfield code="e">bdrb</marc:subfield>
			<marc:subfield code="d">PU</marc:subfield>
		</marc:datafield>
		<marc:datafield ind1=" " ind2=" " tag="090">
			<marc:subfield code="f">h</marc:subfield>
			<marc:subfield code="n">\\\\jl\\\\</marc:subfield>
		</marc:datafield>
		<marc:datafield ind1="0" ind2="4" tag="245">
			<marc:subfield code="a">The spirit of ""The book"" or, Memoirs of Caroline princess of        Hasburg :</marc:subfield>
			<marc:subfield code="b">a political and amatory romance : In one volume /</marc:subfield>
			<marc:subfield code="c">Edited by     Thomas Ashe, Esq."</marc:subfield>
		</marc:datafield>
		<marc:datafield ind1=" " ind2=" " tag="250">
			<marc:subfield code="a">First American from the third London edition.</marc:subfield>
			<marc:subfield code="b">First edition.</marc:subfield>
		</marc:datafield>
		<marc:datafield ind1=" " ind2=" " tag="260">
			<marc:subfield code="a">Philadelphia :</marc:subfield>
			<marc:subfield code="b">Published by Bradford &amp; Inskeep, &amp; Inskeep and Bradford, New York. B. Graves, printer,</marc:subfield>
			<marc:subfield code="c">1812.</marc:subfield>
			<marc:subfield code="a">[Philadelphia]</marc:subfield>
		</marc:datafield>
		<marc:datafield ind1=" " ind2=" " tag="300">
			<marc:subfield code="a">vi, [1], 8-364, [2] p. ;</marc:subfield>
			<marc:subfield code="c">19 cm.</marc:subfield>
			<marc:subfield code="a">[1 v.]</marc:subfield>
		</marc:datafield>
		<marc:datafield ind1=" " ind2=" " tag="500">
			<marc:subfield code="a">Letters purporting to be from Queen Caroline to Princess Charlotte.</marc:subfield>
		</marc:datafield>
		<marc:datafield ind1=" " ind2=" " tag="500">
			<marc:subfield code="a">Published as a reply to a suppressed book entitled ""The delicate investigation."" Cf. the Preface."</marc:subfield>
		</marc:datafield>
		<marc:datafield ind1=" " ind2=" " tag="500">
			<marc:subfield code="a">""B. Graves, printer, no. 40, North Fourth-Street, Philadelphia.""--colophon, p. 364."</marc:subfield>
		</marc:datafield>
		<marc:datafield ind1=" " ind2=" " tag="500">
			<marc:subfield code="a">Signatures: A-2G  2H  [2I]1.</marc:subfield>
		</marc:datafield>
		<marc:datafield ind1="4" ind2=" " tag="510">
			<marc:subfield code="a">English novel, 1770-1829,</marc:subfield>
			<marc:subfield code="c">1811:15</marc:subfield>
		</marc:datafield>
		<marc:datafield ind1="4" ind2=" " tag="510">
			<marc:subfield code="a">Shaw &amp; Shoemaker</marc:subfield>
			<marc:subfield code="c">24638</marc:subfield>
		</marc:datafield>
		<marc:datafield ind1="0" ind2="0" tag="600">
			<marc:subfield code="a">Caroline Amelia Elizabeth,</marc:subfield>
			<marc:subfield code="c">Queen, consort of George IV, King of Great Britain,</marc:subfield>
			<marc:subfield code="d">1768-1821</marc:subfield>
			<marc:subfield code="x">Fiction.</marc:subfield>
		</marc:datafield>
		<marc:datafield ind1=" " ind2="4" tag="650">
			<marc:subfield code="a">CHR 1812</marc:subfield>
		</marc:datafield>
		<marc:datafield ind1=" " ind2="4" tag="650">
			<marc:subfield code="a">PRO French, Benjamin V. (autograph, Feb. 1821)</marc:subfield>
		</marc:datafield>
		<marc:datafield ind1="1" ind2="0" tag="700">
			<marc:subfield code="a">Ashe, Thomas,</marc:subfield>
			<marc:subfield code="d">1770-1835.</marc:subfield>
		</marc:datafield>
		<marc:datafield ind1="2" ind2=" " tag="710">
			<marc:subfield code="a">Early Novels</marc:subfield>
			<marc:subfield code="5">University of Pennsylvania</marc:subfield>
		</marc:datafield>
		<marc:datafield ind1="2" ind2=" " tag="710">
			<marc:subfield code="a">Collection of British and American Fiction, 1660-1830 (University of Pennsylvania)</marc:subfield>
			<marc:subfield code="9">University of Pennsylvania</marc:subfield>
		</marc:datafield>
		<marc:datafield ind1="0" ind2="1" tag="740">
			<marc:subfield code="a">Spirit of the book.</marc:subfield>
		</marc:datafield>
		<marc:datafield ind1="0" ind2="1" tag="740">
			<marc:subfield code="a">Memoirs of Caroline princess of Hasburg.</marc:subfield>
		</marc:datafield>
		<marc:datafield ind1="0" ind2=" " tag="852">
			<marc:subfield code="b">scsing</marc:subfield>
			<marc:subfield code="h">DA538.A2</marc:subfield>
			<marc:subfield code="i">S65 1812</marc:subfield>
			<marc:subfield code="x">725574</marc:subfield>
			<marc:subfield code="x">recl. fr. 823/As323S</marc:subfield>
		</marc:datafield>
		<marc:datafield ind1=" " ind2=" " tag="948">
			<marc:subfield code="a">jl</marc:subfield>
		</marc:datafield>
		<marc:datafield ind1=" " ind2=" " tag="950">
			<marc:subfield code="l">RBC</marc:subfield>
			<marc:subfield code="a">DA538.A2</marc:subfield>
			<marc:subfield code="b">S65 1812</marc:subfield>
			<marc:subfield code="i">01/01/01 N</marc:subfield>
			<marc:subfield code="x">010</marc:subfield>
		</marc:datafield>
		<marc:datafield ind1=" " ind2=" " tag="955">
			<marc:subfield code="l">RBC</marc:subfield>
			<marc:subfield code="c">1</marc:subfield>
			<marc:subfield code="s">725574</marc:subfield>
			<marc:subfield code="s">recl. fr. 823/As323S</marc:subfield>
		</marc:datafield>
		<marc:datafield ind1=" " ind2=" " tag="998">
			<marc:subfield code="s">9665</marc:subfield>
			<marc:subfield code="n">PU</marc:subfield>
			<marc:subfield code="z">BNA</marc:subfield>
		</marc:datafield>
	</marc:record>