
	<marc:record>
		<marc:leader>01602cam a2200361 i 4500</marc:leader>
		<marc:controlfield tag="001">260916</marc:controlfield>
		<marc:controlfield tag="005">20130222145607.0</marc:controlfield>
		<marc:controlfield tag="008">940421s1816    enka          000 1 eng d</marc:controlfield>
		<marc:datafield ind1=" " ind2=" " tag="035">
			<marc:subfield code="a">(PUVoyagerBIBID)1814113</marc:subfield>
		</marc:datafield>
		<marc:datafield ind1=" " ind2=" " tag="035">
			<marc:subfield code="a">(CStRLIN)PAUGEAY9803-B</marc:subfield>
		</marc:datafield>
		<marc:datafield ind1=" " ind2=" " tag="035">
			<marc:subfield code="9">EAY9803</marc:subfield>
		</marc:datafield>
		<marc:datafield ind1=" " ind2=" " tag="035">
			<marc:subfield code="a">(MediadbVoyBIBID)260916</marc:subfield>
		</marc:datafield>
		<marc:datafield ind1=" " ind2=" " tag="035">
			<marc:subfield code="a">(END)sm_pr3991_a1_f382_1816</marc:subfield>
		</marc:datafield>
		<marc:datafield ind1=" " ind2=" " tag="040">
			<marc:subfield code="a">PU</marc:subfield>
			<marc:subfield code="c">PU</marc:subfield>
		</marc:datafield>
		<marc:datafield ind1=" " ind2=" " tag="090">
			<marc:subfield code="f">h</marc:subfield>
			<marc:subfield code="n">\\\\jl\\\\</marc:subfield>
		</marc:datafield>
		<marc:datafield ind1="0" ind2="0" tag="245">
			<marc:subfield code="a">Fatherless Fanny, or, A young lady\\\'s first entrance into life :</marc:subfield>
			<marc:subfield code="b">being the memoirs of a little mendicant and her benefactors /</marc:subfield>
			<marc:subfield code="c">by the author of The old English baron, &amp;c. &amp;c.</marc:subfield>
		</marc:datafield>
		<marc:datafield ind1=" " ind2=" " tag="250">
			<marc:subfield code="a">Second edition.</marc:subfield>
		</marc:datafield>
		<marc:datafield ind1=" " ind2=" " tag="260">
			<marc:subfield code="a">Sheffield :</marc:subfield>
			<marc:subfield code="b">Printed and sold by C. and W. Thompson,</marc:subfield>
			<marc:subfield code="c">1816?</marc:subfield>
			<marc:subfield code="a">[Sheffield]</marc:subfield>
		</marc:datafield>
		<marc:datafield ind1=" " ind2=" " tag="300">
			<marc:subfield code="a">iv, 355 p., [4] leaves of plates :</marc:subfield>
			<marc:subfield code="b">ill. ;</marc:subfield>
			<marc:subfield code="c">22 cm.</marc:subfield>
			<marc:subfield code="a">[1 v.]</marc:subfield>
		</marc:datafield>
		<marc:datafield ind1=" " ind2=" " tag="500">
			<marc:subfield code="a">Attributed to Clara Reeve--Cf. Halkett &amp; Laing. Although ""That she is the author is open to doubt""--Dictionary of National biography."</marc:subfield>
		</marc:datafield>
		<marc:datafield ind1=" " ind2=" " tag="500">
			<marc:subfield code="a">Also attributed to Thomas Prest--Cf. Block, A. English novel.</marc:subfield>
		</marc:datafield>
		<marc:datafield ind1=" " ind2="4" tag="650">
			<marc:subfield code="a">CHR 1816?</marc:subfield>
		</marc:datafield>
		<marc:datafield ind1="1" ind2="0" tag="700">
			<marc:subfield code="a">Reeve, Clara,</marc:subfield>
			<marc:subfield code="d">1729-1807.</marc:subfield>
		</marc:datafield>
		<marc:datafield ind1="1" ind2="0" tag="700">
			<marc:subfield code="a">Prest, Thomas Peckett.</marc:subfield>
		</marc:datafield>
		<marc:datafield ind1="2" ind2=" " tag="710">
			<marc:subfield code="a">Early Novels</marc:subfield>
			<marc:subfield code="5">University of Pennsylvania</marc:subfield>
		</marc:datafield>
		<marc:datafield ind1="2" ind2=" " tag="710">
			<marc:subfield code="a">Collection of British and American Fiction, 1660-1830 (University of Pennsylvania)</marc:subfield>
			<marc:subfield code="9">University of Pennsylvania</marc:subfield>
		</marc:datafield>
		<marc:datafield ind1="0" ind2="1" tag="740">
			<marc:subfield code="a">Fatherless fanny.</marc:subfield>
		</marc:datafield>
		<marc:datafield ind1="0" ind2="1" tag="740">
			<marc:subfield code="a">Young lady\\\'s first entrance into life.</marc:subfield>
		</marc:datafield>
		<marc:datafield ind1="0" ind2=" " tag="852">
			<marc:subfield code="b">scsing</marc:subfield>
			<marc:subfield code="h">PR3991.A1</marc:subfield>
			<marc:subfield code="i">F382 1816</marc:subfield>
			<marc:subfield code="x">725251</marc:subfield>
			<marc:subfield code="x">recl. fr. 823/R255Fa</marc:subfield>
		</marc:datafield>
		<marc:datafield ind1=" " ind2=" " tag="948">
			<marc:subfield code="a">jl</marc:subfield>
		</marc:datafield>
		<marc:datafield ind1=" " ind2=" " tag="950">
			<marc:subfield code="l">RBC</marc:subfield>
			<marc:subfield code="a">PR3991.A1</marc:subfield>
			<marc:subfield code="b">F382 1816</marc:subfield>
			<marc:subfield code="i">01/01/01 N</marc:subfield>
			<marc:subfield code="x">010</marc:subfield>
		</marc:datafield>
		<marc:datafield ind1=" " ind2=" " tag="955">
			<marc:subfield code="l">RBC</marc:subfield>
			<marc:subfield code="c">1</marc:subfield>
			<marc:subfield code="s">725251</marc:subfield>
			<marc:subfield code="s">recl. fr. 823/R255Fa</marc:subfield>
		</marc:datafield>
		<marc:datafield ind1=" " ind2=" " tag="998">
			<marc:subfield code="n">PU</marc:subfield>
			<marc:subfield code="z">BNA</marc:subfield>
		</marc:datafield>
	</marc:record>