
	<marc:record>
		<marc:leader>01618cam a2200373 i 4500</marc:leader>
		<marc:controlfield tag="001">260917</marc:controlfield>
		<marc:controlfield tag="005">20130319195235.0</marc:controlfield>
		<marc:controlfield tag="008">940422s1816    enk           000 1 eng d</marc:controlfield>
		<marc:datafield ind1=" " ind2=" " tag="035">
			<marc:subfield code="a">(PUVoyagerBIBID)1814199</marc:subfield>
		</marc:datafield>
		<marc:datafield ind1=" " ind2=" " tag="035">
			<marc:subfield code="a">(CStRLIN)PAUGEAY9891-B</marc:subfield>
		</marc:datafield>
		<marc:datafield ind1=" " ind2=" " tag="035">
			<marc:subfield code="9">EAY9891</marc:subfield>
		</marc:datafield>
		<marc:datafield ind1=" " ind2=" " tag="035">
			<marc:subfield code="a">(MediadbVoyBIBID)260917</marc:subfield>
		</marc:datafield>
		<marc:datafield ind1=" " ind2=" " tag="035">
			<marc:subfield code="a">(END)sm_pr4821_j28_r46_1816b</marc:subfield>
		</marc:datafield>
		<marc:datafield ind1=" " ind2=" " tag="040">
			<marc:subfield code="a">PU</marc:subfield>
			<marc:subfield code="c">PU</marc:subfield>
		</marc:datafield>
		<marc:datafield ind1=" " ind2="4" tag="050">
			<marc:subfield code="a">PR4821.J28</marc:subfield>
			<marc:subfield code="b">R46 1816b</marc:subfield>
		</marc:datafield>
		<marc:datafield ind1=" " ind2=" " tag="090">
			<marc:subfield code="f">h</marc:subfield>
			<marc:subfield code="n">\\\\jl\\\\</marc:subfield>
		</marc:datafield>
		<marc:datafield ind1="1" ind2=" " tag="100">
			<marc:subfield code="a">Jacson, Frances</marc:subfield>
			<marc:subfield code="d">1754-1842.</marc:subfield>
		</marc:datafield>
		<marc:datafield ind1="1" ind2="0" tag="245">
			<marc:subfield code="a">Rhoda :</marc:subfield>
			<marc:subfield code="b">a novel /</marc:subfield>
			<marc:subfield code="c">by the author of ""Things by their right names,"" ""Plain sense,"" &amp;c."</marc:subfield>
		</marc:datafield>
		<marc:datafield ind1=" " ind2=" " tag="250">
			<marc:subfield code="a">Second edition.</marc:subfield>
			<marc:subfield code="b">Second edition.</marc:subfield>
		</marc:datafield>
		<marc:datafield ind1=" " ind2=" " tag="260">
			<marc:subfield code="a">London :</marc:subfield>
			<marc:subfield code="b">Printed for Henry Colburn ... and G. and S. Robinson,</marc:subfield>
			<marc:subfield code="c">1816.</marc:subfield>
			<marc:subfield code="a">[London]</marc:subfield>
		</marc:datafield>
		<marc:datafield ind1=" " ind2=" " tag="300">
			<marc:subfield code="a">3 v. ;</marc:subfield>
			<marc:subfield code="c">19 cm.</marc:subfield>
			<marc:subfield code="a">[3 v.]</marc:subfield>
		</marc:datafield>
		<marc:datafield ind1=" " ind2=" " tag="500">
			<marc:subfield code="a">Attributed to Frances Jacson in the British Library Journal, vol. 23, no. 1, Spring 1997, p. 81-97.  Previously attributed to Alethea Lewis.</marc:subfield>
		</marc:datafield>
		<marc:datafield ind1=" " ind2=" " tag="500">
			<marc:subfield code="a">V.2 in 2 pts, each with individual title page and separate pagination.</marc:subfield>
		</marc:datafield>
		<marc:datafield ind1="4" ind2=" " tag="510">
			<marc:subfield code="a">Nineteenth century short title catalogue</marc:subfield>
			<marc:subfield code="c">ser.II, phase I, 2L13757</marc:subfield>
		</marc:datafield>
		<marc:datafield ind1=" " ind2="4" tag="650">
			<marc:subfield code="a">CHR 1816</marc:subfield>
		</marc:datafield>
		<marc:datafield ind1="1" ind2=" " tag="700">
			<marc:subfield code="a">Lewis, Alethea,</marc:subfield>
			<marc:subfield code="d">1749-1827.</marc:subfield>
		</marc:datafield>
		<marc:datafield ind1="2" ind2=" " tag="710">
			<marc:subfield code="a">Early Novels</marc:subfield>
			<marc:subfield code="5">University of Pennsylvania</marc:subfield>
		</marc:datafield>
		<marc:datafield ind1="2" ind2=" " tag="710">
			<marc:subfield code="a">Collection of British and American Fiction, 1660-1830 (University of Pennsylvania)</marc:subfield>
			<marc:subfield code="9">University of Pennsylvania</marc:subfield>
		</marc:datafield>
		<marc:datafield ind1="0" ind2=" " tag="852">
			<marc:subfield code="b">scsing</marc:subfield>
			<marc:subfield code="h">PR4821.J28</marc:subfield>
			<marc:subfield code="i">R46 1816b</marc:subfield>
			<marc:subfield code="x">Recl. fr. PR4886/L6/R34/1816b</marc:subfield>
			<marc:subfield code="x">725464-66</marc:subfield>
			<marc:subfield code="x">recl. fr. 823/R343</marc:subfield>
		</marc:datafield>
		<marc:datafield ind1="4" ind2="1" tag="866">
			<marc:subfield code="8">0</marc:subfield>
			<marc:subfield code="a">v.1-3</marc:subfield>
		</marc:datafield>
		<marc:datafield ind1=" " ind2=" " tag="948">
			<marc:subfield code="a">jl</marc:subfield>
		</marc:datafield>
		<marc:datafield ind1=" " ind2=" " tag="950">
			<marc:subfield code="l">RBC</marc:subfield>
			<marc:subfield code="a">PR4886.L6</marc:subfield>
			<marc:subfield code="b">R34 1816b</marc:subfield>
			<marc:subfield code="i">01/01/01 N</marc:subfield>
			<marc:subfield code="x">010</marc:subfield>
		</marc:datafield>
		<marc:datafield ind1=" " ind2=" " tag="955">
			<marc:subfield code="l">RBC</marc:subfield>
			<marc:subfield code="c">1:v.1-3</marc:subfield>
			<marc:subfield code="s">725464-66</marc:subfield>
			<marc:subfield code="s">recl. fr. 823/R343</marc:subfield>
		</marc:datafield>
		<marc:datafield ind1=" " ind2=" " tag="998">
			<marc:subfield code="n">PU</marc:subfield>
			<marc:subfield code="z">BNA</marc:subfield>
		</marc:datafield>
	</marc:record>