
	<marc:record>
		<marc:leader>01362mam a2200349 a 4500</marc:leader>
		<marc:controlfield tag="001">260937</marc:controlfield>
		<marc:controlfield tag="005">20130227140018.0</marc:controlfield>
		<marc:controlfield tag="008">820922s1817    enk           00011 eng d</marc:controlfield>
		<marc:datafield ind1=" " ind2=" " tag="035">
			<marc:subfield code="a">(PUVoyagerBIBID)1822278</marc:subfield>
		</marc:datafield>
		<marc:datafield ind1=" " ind2=" " tag="035">
			<marc:subfield code="a">(CStRLIN)PAUGEAZ8065-B</marc:subfield>
		</marc:datafield>
		<marc:datafield ind1=" " ind2=" " tag="035">
			<marc:subfield code="9">EAZ8065</marc:subfield>
		</marc:datafield>
		<marc:datafield ind1=" " ind2=" " tag="035">
			<marc:subfield code="a">(MediadbVoyBIBID)260937</marc:subfield>
		</marc:datafield>
		<marc:datafield ind1=" " ind2=" " tag="035">
			<marc:subfield code="a">(END)sm_pr4644_h315_1817</marc:subfield>
		</marc:datafield>
		<marc:datafield ind1=" " ind2=" " tag="040">
			<marc:subfield code="a">NN</marc:subfield>
			<marc:subfield code="c">NN</marc:subfield>
			<marc:subfield code="d">UPB</marc:subfield>
			<marc:subfield code="d">PU</marc:subfield>
		</marc:datafield>
		<marc:datafield ind1="1" ind2="0" tag="100">
			<marc:subfield code="a">Edgeworth, Maria</marc:subfield>
			<marc:subfield code="d">1767-1849.</marc:subfield>
		</marc:datafield>
		<marc:datafield ind1="1" ind2="0" tag="245">
			<marc:subfield code="a">Harrington :</marc:subfield>
			<marc:subfield code="b">a tale and Ormond : a tale /</marc:subfield>
			<marc:subfield code="c">by Maria Edgeworth, author of Comic dramas, Tales of fashionable life, &amp;c. &amp;c ; in three volumes.</marc:subfield>
		</marc:datafield>
		<marc:datafield ind1=" " ind2=" " tag="260">
			<marc:subfield code="a">London :</marc:subfield>
			<marc:subfield code="b">Printed for R. Hunter, Successor to Mr. Johnson and Baldwin, Cradock, and Joy,</marc:subfield>
			<marc:subfield code="c">1817.</marc:subfield>
			<marc:subfield code="a">[London]</marc:subfield>
		</marc:datafield>
		<marc:datafield ind1=" " ind2=" " tag="300">
			<marc:subfield code="a">3 v. ;</marc:subfield>
			<marc:subfield code="c">20 cm.</marc:subfield>
			<marc:subfield code="a">[3 v.]</marc:subfield>
		</marc:datafield>
		<marc:datafield ind1="4" ind2=" " tag="510">
			<marc:subfield code="a">Cambridge bibliography,</marc:subfield>
			<marc:subfield code="c">v.3, p.668.</marc:subfield>
		</marc:datafield>
		<marc:datafield ind1="4" ind2=" " tag="510">
			<marc:subfield code="a">Block, A. Engl. novel (2nd ed.)</marc:subfield>
			<marc:subfield code="c">p.65.</marc:subfield>
		</marc:datafield>
		<marc:datafield ind1="4" ind2=" " tag="510">
			<marc:subfield code="a">English novel, 1770-1829,</marc:subfield>
			<marc:subfield code="c">1817:24.</marc:subfield>
		</marc:datafield>
		<marc:datafield ind1=" " ind2="4" tag="650">
			<marc:subfield code="a">CHR 1817</marc:subfield>
		</marc:datafield>
		<marc:datafield ind1=" " ind2="4" tag="650">
			<marc:subfield code="a">PRO Mendenhall, John C. (donor)</marc:subfield>
		</marc:datafield>
		<marc:datafield ind1="1" ind2="1" tag="700">
			<marc:subfield code="a">Edgeworth, Maria,</marc:subfield>
			<marc:subfield code="d">1767-1849.</marc:subfield>
			<marc:subfield code="t">Ormond.</marc:subfield>
		</marc:datafield>
		<marc:datafield ind1="2" ind2=" " tag="710">
			<marc:subfield code="a">Early Novels</marc:subfield>
			<marc:subfield code="5">University of Pennsylvania</marc:subfield>
		</marc:datafield>
		<marc:datafield ind1="2" ind2=" " tag="710">
			<marc:subfield code="a">Collection of British and American Fiction, 1660-1830 (University of Pennsylvania)</marc:subfield>
			<marc:subfield code="9">University of Pennsylvania</marc:subfield>
		</marc:datafield>
		<marc:datafield ind1="0" ind2="1" tag="740">
			<marc:subfield code="a">Ormond.</marc:subfield>
		</marc:datafield>
		<marc:datafield ind1="0" ind2="1" tag="740">
			<marc:subfield code="a">Harrington.</marc:subfield>
		</marc:datafield>
		<marc:datafield ind1="0" ind2=" " tag="852">
			<marc:subfield code="b">scsing</marc:subfield>
			<marc:subfield code="h">PR4644</marc:subfield>
			<marc:subfield code="i">.H315 1817</marc:subfield>
			<marc:subfield code="x">50-736</marc:subfield>
			<marc:subfield code="x">g. Mendenhall</marc:subfield>
		</marc:datafield>
		<marc:datafield ind1="4" ind2="1" tag="866">
			<marc:subfield code="8">0</marc:subfield>
			<marc:subfield code="a">v.1-3</marc:subfield>
		</marc:datafield>
		<marc:datafield ind1=" " ind2=" " tag="948">
			<marc:subfield code="a">jl</marc:subfield>
		</marc:datafield>
		<marc:datafield ind1=" " ind2=" " tag="998">
			<marc:subfield code="s">1115</marc:subfield>
		</marc:datafield>
	</marc:record>