
	<marc:record>
		<marc:leader>01261cam a2200325 i 4500</marc:leader>
		<marc:controlfield tag="001">260940</marc:controlfield>
		<marc:controlfield tag="005">20130227135822.0</marc:controlfield>
		<marc:controlfield tag="008">940614s1819    enk           000 1 eng d</marc:controlfield>
		<marc:datafield ind1=" " ind2=" " tag="035">
			<marc:subfield code="a">(PUVoyagerBIBID)1824207</marc:subfield>
		</marc:datafield>
		<marc:datafield ind1=" " ind2=" " tag="035">
			<marc:subfield code="a">(CStRLIN)PAUGEBA0025-B</marc:subfield>
		</marc:datafield>
		<marc:datafield ind1=" " ind2=" " tag="035">
			<marc:subfield code="a">(END)PR3991_A1_H23_1819</marc:subfield>
		</marc:datafield>
		<marc:datafield ind1=" " ind2=" " tag="035">
			<marc:subfield code="9">EBA0025</marc:subfield>
		</marc:datafield>
		<marc:datafield ind1=" " ind2=" " tag="035">
			<marc:subfield code="a">(MediadbVoyBIBID)260940</marc:subfield>
		</marc:datafield>
		<marc:datafield ind1=" " ind2=" " tag="040">
			<marc:subfield code="a">PU</marc:subfield>
			<marc:subfield code="c">PU</marc:subfield>
		</marc:datafield>
		<marc:datafield ind1="1" ind2="0" tag="245">
			<marc:subfield code="a">Harold the exile.</marc:subfield>
		</marc:datafield>
		<marc:datafield ind1=" " ind2=" " tag="260">
			<marc:subfield code="a">London :</marc:subfield>
			<marc:subfield code="b">[s.n.],</marc:subfield>
			<marc:subfield code="c">1819.</marc:subfield>
			<marc:subfield code="a">[London]</marc:subfield>
		</marc:datafield>
		<marc:datafield ind1=" " ind2=" " tag="300">
			<marc:subfield code="a">3 v. ;</marc:subfield>
			<marc:subfield code="c">18 cm.</marc:subfield>
			<marc:subfield code="a">[3 v.]</marc:subfield>
		</marc:datafield>
		<marc:datafield ind1=" " ind2=" " tag="500">
			<marc:subfield code="a">""J. Gillet, printer""--verso of t.p."</marc:subfield>
		</marc:datafield>
		<marc:datafield ind1=" " ind2=" " tag="500">
			<marc:subfield code="a">Based on Byron\\\'s Childe Harold--cf. New Cambridge bibliography of English literature, v.3, col. 279.</marc:subfield>
		</marc:datafield>
		<marc:datafield ind1="4" ind2=" " tag="510">
			<marc:subfield code="a">English novel, 1770-1829,</marc:subfield>
			<marc:subfield code="c">1819:73</marc:subfield>
		</marc:datafield>
		<marc:datafield ind1="4" ind2=" " tag="510">
			<marc:subfield code="a">Block, A. Engl. novel (2nd ed.)</marc:subfield>
			<marc:subfield code="c">p.97.</marc:subfield>
		</marc:datafield>
		<marc:datafield ind1="1" ind2="0" tag="600">
			<marc:subfield code="a">Byron, George Gordon Byron,</marc:subfield>
			<marc:subfield code="c">Baron,</marc:subfield>
			<marc:subfield code="d">1788-1824.</marc:subfield>
			<marc:subfield code="t">Childe Harold\\\'s pilgrimage.</marc:subfield>
		</marc:datafield>
		<marc:datafield ind1=" " ind2="4" tag="650">
			<marc:subfield code="a">CHR 1819</marc:subfield>
		</marc:datafield>
		<marc:datafield ind1=" " ind2="4" tag="650">
			<marc:subfield code="a">PRO Archibald Earl of Eglinton (bookplate)</marc:subfield>
		</marc:datafield>
		<marc:datafield ind1=" " ind2="4" tag="650">
			<marc:subfield code="a">PRO Mendenhall, John C. (donor)</marc:subfield>
		</marc:datafield>
		<marc:datafield ind1="2" ind2=" " tag="710">
			<marc:subfield code="a">Early Novels</marc:subfield>
			<marc:subfield code="5">University of Pennsylvania</marc:subfield>
		</marc:datafield>
		<marc:datafield ind1="2" ind2=" " tag="710">
			<marc:subfield code="a">Collection of British and American Fiction, 1660-1830 (University of Pennsylvania)</marc:subfield>
			<marc:subfield code="9">University of Pennsylvania</marc:subfield>
		</marc:datafield>
		<marc:datafield ind1="0" ind2=" " tag="852">
			<marc:subfield code="b">scsing</marc:subfield>
			<marc:subfield code="h">PR3991.A1</marc:subfield>
			<marc:subfield code="i">H23 1819</marc:subfield>
			<marc:subfield code="x">50-846</marc:subfield>
			<marc:subfield code="x">g. Mendenhall</marc:subfield>
		</marc:datafield>
		<marc:datafield ind1="4" ind2="1" tag="866">
			<marc:subfield code="8">0</marc:subfield>
			<marc:subfield code="a">v.1-3</marc:subfield>
		</marc:datafield>
		<marc:datafield ind1=" " ind2=" " tag="948">
			<marc:subfield code="a">jl</marc:subfield>
		</marc:datafield>
	</marc:record>