
	<marc:record>
		<marc:leader>01619cam a2200385u  4500</marc:leader>
		<marc:controlfield tag="001">260947</marc:controlfield>
		<marc:controlfield tag="005">20130320180530.0</marc:controlfield>
		<marc:controlfield tag="008">851212s1818    enk           00010 eng  </marc:controlfield>
		<marc:datafield ind1=" " ind2=" " tag="010">
			<marc:subfield code="a">07037397  </marc:subfield>
		</marc:datafield>
		<marc:datafield ind1=" " ind2=" " tag="035">
			<marc:subfield code="a">(PUVoyagerBIBID)1830234</marc:subfield>
		</marc:datafield>
		<marc:datafield ind1=" " ind2=" " tag="035">
			<marc:subfield code="a">(CStRLIN)PAUGEBA6133-B</marc:subfield>
		</marc:datafield>
		<marc:datafield ind1=" " ind2=" " tag="035">
			<marc:subfield code="9">EBA6133</marc:subfield>
		</marc:datafield>
		<marc:datafield ind1=" " ind2=" " tag="035">
			<marc:subfield code="a">(MediadbVoyBIBID)260947</marc:subfield>
		</marc:datafield>
		<marc:datafield ind1=" " ind2=" " tag="035">
			<marc:subfield code="a">(END)sm_pr5187_p29_t14_1818</marc:subfield>
		</marc:datafield>
		<marc:datafield ind1=" " ind2=" " tag="040">
			<marc:subfield code="c">IaU</marc:subfield>
		</marc:datafield>
		<marc:datafield ind1="0" ind2=" " tag="050">
			<marc:subfield code="a">PZ1</marc:subfield>
			<marc:subfield code="b">.P737</marc:subfield>
		</marc:datafield>
		<marc:datafield ind1=" " ind2=" " tag="090">
			<marc:subfield code="f">h</marc:subfield>
			<marc:subfield code="n">\\\\jl\\\\</marc:subfield>
		</marc:datafield>
		<marc:datafield ind1="1" ind2="0" tag="100">
			<marc:subfield code="a">Plumptre, Anne</marc:subfield>
			<marc:subfield code="d">1760-1818.</marc:subfield>
		</marc:datafield>
		<marc:datafield ind1="1" ind2="0" tag="245">
			<marc:subfield code="a">Tales of wonder, of humour, and of sentiment;</marc:subfield>
			<marc:subfield code="b">original and translated.</marc:subfield>
			<marc:subfield code="c">By Anne and Annabella Plumptre.</marc:subfield>
		</marc:datafield>
		<marc:datafield ind1="0" ind2=" " tag="260">
			<marc:subfield code="a">London,</marc:subfield>
			<marc:subfield code="b">Printed for H. Colburn,</marc:subfield>
			<marc:subfield code="c">1818.</marc:subfield>
			<marc:subfield code="a">[London]</marc:subfield>
		</marc:datafield>
		<marc:datafield ind1=" " ind2=" " tag="300">
			<marc:subfield code="a">3 v. ;</marc:subfield>
			<marc:subfield code="c">18 cm.</marc:subfield>
			<marc:subfield code="a">[3 v.]</marc:subfield>
		</marc:datafield>
		<marc:datafield ind1="0" ind2=" " tag="505">
			<marc:subfield code="a">V. 1. Zelis; or, The way to be happy. The weathercock. The magic dollar.--V. 2. The spectre of Presburg. The fair of Beaucaire. Tsching-Quang.--V. 3. The family of Valencia. Fanny. Omar and Zemida. Philosophy and love.</marc:subfield>
		</marc:datafield>
		<marc:datafield ind1="4" ind2=" " tag="510">
			<marc:subfield code="a">English novel, 1770-1829,</marc:subfield>
			<marc:subfield code="c">1818:51</marc:subfield>
		</marc:datafield>
		<marc:datafield ind1="4" ind2=" " tag="510">
			<marc:subfield code="a">Block, A.  Engl. novel (1961 ed.),</marc:subfield>
			<marc:subfield code="c">p.186</marc:subfield>
		</marc:datafield>
		<marc:datafield ind1=" " ind2="4" tag="650">
			<marc:subfield code="a">CHR 1818</marc:subfield>
		</marc:datafield>
		<marc:datafield ind1=" " ind2="4" tag="650">
			<marc:subfield code="a">PRO Mendenhall, John C. (autograph, April 1927) (donor)</marc:subfield>
		</marc:datafield>
		<marc:datafield ind1="1" ind2="1" tag="700">
			<marc:subfield code="a">Plumptre, Annabella,</marc:subfield>
			<marc:subfield code="e">joint author.</marc:subfield>
		</marc:datafield>
		<marc:datafield ind1="2" ind2=" " tag="710">
			<marc:subfield code="a">Early Novels</marc:subfield>
			<marc:subfield code="5">University of Pennsylvania</marc:subfield>
		</marc:datafield>
		<marc:datafield ind1="2" ind2=" " tag="710">
			<marc:subfield code="a">Collection of British and American Fiction, 1660-1830 (University of Pennsylvania)</marc:subfield>
			<marc:subfield code="9">University of Pennsylvania</marc:subfield>
		</marc:datafield>
		<marc:datafield ind1="0" ind2=" " tag="852">
			<marc:subfield code="b">scsing</marc:subfield>
			<marc:subfield code="h">PR5187.P29</marc:subfield>
			<marc:subfield code="i">T14 1818</marc:subfield>
			<marc:subfield code="x">50-1205</marc:subfield>
			<marc:subfield code="x">g. Mendenhall</marc:subfield>
		</marc:datafield>
		<marc:datafield ind1="4" ind2="1" tag="866">
			<marc:subfield code="8">0</marc:subfield>
			<marc:subfield code="a">v.1-3</marc:subfield>
		</marc:datafield>
		<marc:datafield ind1=" " ind2=" " tag="950">
			<marc:subfield code="l">RBC</marc:subfield>
			<marc:subfield code="a">PR5187.P29</marc:subfield>
			<marc:subfield code="b">T14 1818</marc:subfield>
			<marc:subfield code="i">01/01/01 N</marc:subfield>
			<marc:subfield code="x">010</marc:subfield>
		</marc:datafield>
		<marc:datafield ind1=" " ind2=" " tag="955">
			<marc:subfield code="l">RBC</marc:subfield>
			<marc:subfield code="c">1:v.1-3</marc:subfield>
			<marc:subfield code="s">50-1205</marc:subfield>
			<marc:subfield code="s">g. Mendenhall</marc:subfield>
		</marc:datafield>
		<marc:datafield ind1=" " ind2=" " tag="998">
			<marc:subfield code="s">9124</marc:subfield>
			<marc:subfield code="n">PU</marc:subfield>
			<marc:subfield code="z">BNA</marc:subfield>
		</marc:datafield>
		<marc:datafield ind1=" " ind2=" " tag="948">
			<marc:subfield code="a">jl</marc:subfield>
		</marc:datafield>
	</marc:record>