
	<marc:record>
		<marc:leader>01315cam a2200361 i 4500</marc:leader>
		<marc:controlfield tag="001">260951</marc:controlfield>
		<marc:controlfield tag="005">20130321160145.0</marc:controlfield>
		<marc:controlfield tag="008">940721s1812    enk           000 1 eng d</marc:controlfield>
		<marc:datafield ind1=" " ind2=" " tag="035">
			<marc:subfield code="a">(PUVoyagerBIBID)1831457</marc:subfield>
		</marc:datafield>
		<marc:datafield ind1=" " ind2=" " tag="035">
			<marc:subfield code="a">(CStRLIN)PAUGEBA7372-B</marc:subfield>
		</marc:datafield>
		<marc:datafield ind1=" " ind2=" " tag="035">
			<marc:subfield code="9">EBA7372</marc:subfield>
		</marc:datafield>
		<marc:datafield ind1=" " ind2=" " tag="035">
			<marc:subfield code="a">(MediadbVoyBIBID)260951</marc:subfield>
		</marc:datafield>
		<marc:datafield ind1=" " ind2=" " tag="035">
			<marc:subfield code="a">(END)sm_pr5189_p5_t325_1812</marc:subfield>
		</marc:datafield>
		<marc:datafield ind1=" " ind2=" " tag="040">
			<marc:subfield code="a">PU</marc:subfield>
			<marc:subfield code="c">PU</marc:subfield>
		</marc:datafield>
		<marc:datafield ind1=" " ind2=" " tag="090">
			<marc:subfield code="f">h</marc:subfield>
			<marc:subfield code="n">\\\\jl\\\\</marc:subfield>
		</marc:datafield>
		<marc:datafield ind1="1" ind2=" " tag="100">
			<marc:subfield code="a">Porter, Jane</marc:subfield>
			<marc:subfield code="d">1776-1850.</marc:subfield>
		</marc:datafield>
		<marc:datafield ind1="1" ind2="0" tag="245">
			<marc:subfield code="a">Thaddeus of Warsaw /</marc:subfield>
			<marc:subfield code="c">by Miss Porter.</marc:subfield>
		</marc:datafield>
		<marc:datafield ind1=" " ind2=" " tag="260">
			<marc:subfield code="a">London :</marc:subfield>
			<marc:subfield code="b">Printed for Longman, Hurst, Rees, Orme and Brown,</marc:subfield>
			<marc:subfield code="c">1812.</marc:subfield>
			<marc:subfield code="a">[London]</marc:subfield>
		</marc:datafield>
		<marc:datafield ind1=" " ind2=" " tag="300">
			<marc:subfield code="a">4 v. ;</marc:subfield>
			<marc:subfield code="c">18 cm.</marc:subfield>
			<marc:subfield code="a">[4 v.]</marc:subfield>
		</marc:datafield>
		<marc:datafield ind1="4" ind2=" " tag="510">
			<marc:subfield code="a">Frank, F.S. First gothics</marc:subfield>
			<marc:subfield code="c">337</marc:subfield>
		</marc:datafield>
		<marc:datafield ind1="4" ind2=" " tag="510">
			<marc:subfield code="a">English novel, 1770-1829,</marc:subfield>
			<marc:subfield code="c">1803:59</marc:subfield>
		</marc:datafield>
		<marc:datafield ind1=" " ind2=" " tag="590">
			<marc:subfield code="a">Imperfect: v.4 wanting.</marc:subfield>
		</marc:datafield>
		<marc:datafield ind1=" " ind2="4" tag="650">
			<marc:subfield code="a">CHR 1812</marc:subfield>
		</marc:datafield>
		<marc:datafield ind1=" " ind2="4" tag="650">
			<marc:subfield code="a">PRO Mendenhall, John C. (donor)</marc:subfield>
		</marc:datafield>
		<marc:datafield ind1=" " ind2="0" tag="651">
			<marc:subfield code="a">Poland</marc:subfield>
			<marc:subfield code="x">History</marc:subfield>
			<marc:subfield code="y">Stanislaus II Augustus, 1764-1795</marc:subfield>
			<marc:subfield code="x">Fiction.</marc:subfield>
		</marc:datafield>
		<marc:datafield ind1="2" ind2=" " tag="710">
			<marc:subfield code="a">Early Novels</marc:subfield>
			<marc:subfield code="5">University of Pennsylvania</marc:subfield>
		</marc:datafield>
		<marc:datafield ind1="2" ind2=" " tag="710">
			<marc:subfield code="a">Collection of British and American Fiction, 1660-1830 (University of Pennsylvania)</marc:subfield>
			<marc:subfield code="9">University of Pennsylvania</marc:subfield>
		</marc:datafield>
		<marc:datafield ind1="0" ind2=" " tag="852">
			<marc:subfield code="b">scsing</marc:subfield>
			<marc:subfield code="h">PR5189.P5</marc:subfield>
			<marc:subfield code="i">T325 1812</marc:subfield>
			<marc:subfield code="x">50-1229</marc:subfield>
			<marc:subfield code="x">g. Mendenhall</marc:subfield>
		</marc:datafield>
		<marc:datafield ind1="4" ind2="1" tag="866">
			<marc:subfield code="8">0</marc:subfield>
			<marc:subfield code="a">v.1-3</marc:subfield>
		</marc:datafield>
		<marc:datafield ind1=" " ind2=" " tag="948">
			<marc:subfield code="a">jl</marc:subfield>
		</marc:datafield>
		<marc:datafield ind1=" " ind2=" " tag="950">
			<marc:subfield code="l">RBC</marc:subfield>
			<marc:subfield code="a">PR5189.P5</marc:subfield>
			<marc:subfield code="b">T325 1812</marc:subfield>
			<marc:subfield code="i">01/01/01 N</marc:subfield>
			<marc:subfield code="x">010</marc:subfield>
		</marc:datafield>
		<marc:datafield ind1=" " ind2=" " tag="955">
			<marc:subfield code="l">RBC</marc:subfield>
			<marc:subfield code="c">1:v.1-3</marc:subfield>
			<marc:subfield code="s">50-1229</marc:subfield>
			<marc:subfield code="s">g. Mendenhall</marc:subfield>
		</marc:datafield>
		<marc:datafield ind1=" " ind2=" " tag="998">
			<marc:subfield code="n">PU</marc:subfield>
			<marc:subfield code="z">BNA</marc:subfield>
		</marc:datafield>
	</marc:record>