
	<marc:record>
		<marc:leader>02232cam a2200421Ia 4500</marc:leader>
		<marc:controlfield tag="001">260966</marc:controlfield>
		<marc:controlfield tag="005">20130321173430.0</marc:controlfield>
		<marc:controlfield tag="008">821019s1742    enk           000 1 eng d</marc:controlfield>
		<marc:datafield ind1=" " ind2=" " tag="035">
			<marc:subfield code="a">(PUVoyagerBIBID)2851106</marc:subfield>
		</marc:datafield>
		<marc:datafield ind1=" " ind2=" " tag="035">
			<marc:subfield code="a">(OCoLC)ocm08872542</marc:subfield>
		</marc:datafield>
		<marc:datafield ind1=" " ind2=" " tag="035">
			<marc:subfield code="a">(MediadbVoyBIBID)260966</marc:subfield>
		</marc:datafield>
		<marc:datafield ind1=" " ind2=" " tag="035">
			<marc:subfield code="a">(END)pq6329_c6_1742</marc:subfield>
		</marc:datafield>
		<marc:datafield ind1=" " ind2=" " tag="040">
			<marc:subfield code="a">BAT</marc:subfield>
			<marc:subfield code="c">BAT</marc:subfield>
			<marc:subfield code="d">PU</marc:subfield>
			<marc:subfield code="e">dcrb</marc:subfield>
		</marc:datafield>
		<marc:datafield ind1="1" ind2=" " tag="041">
			<marc:subfield code="a">eng</marc:subfield>
			<marc:subfield code="h">spa</marc:subfield>
		</marc:datafield>
		<marc:datafield ind1=" " ind2=" " tag="090">
			<marc:subfield code="a">PQ6329</marc:subfield>
			<marc:subfield code="b">.C6 1742</marc:subfield>
		</marc:datafield>
		<marc:datafield ind1=" " ind2=" " tag="049">
			<marc:subfield code="a">PAUU</marc:subfield>
		</marc:datafield>
		<marc:datafield ind1="1" ind2=" " tag="100">
			<marc:subfield code="a">Cervantes Saavedra, Miguel de</marc:subfield>
			<marc:subfield code="d">1547-1616.</marc:subfield>
		</marc:datafield>
		<marc:datafield ind1="1" ind2="0" tag="245">
			<marc:subfield code="a">Two humorous novels :</marc:subfield>
			<marc:subfield code="b">viz. I. A diverting dialogue between Scipio and Bergansa, two dogs belonging to the Hospital of the Resurrection, in the city of Valladolid, giving a account of their lives and various adventures, interspers\\\'d  with their reflexions and sentiments on the lives, characters, humours and employments of the different masters they liv\\\'d with. II. The comical history of Rinconete and Cortadillo /</marc:subfield>
			<marc:subfield code="c">both written by the celebrated author of Don Quixote ; and now first translated from the Spanish original.</marc:subfield>
		</marc:datafield>
		<marc:datafield ind1="1" ind2="8" tag="246">
			<marc:subfield code="a">Two novels</marc:subfield>
		</marc:datafield>
		<marc:datafield ind1="3" ind2=" " tag="246">
			<marc:subfield code="a">2 humorous novels</marc:subfield>
		</marc:datafield>
		<marc:datafield ind1=" " ind2=" " tag="250">
			<marc:subfield code="a">The second edition.</marc:subfield>
			<marc:subfield code="b">Second edition.</marc:subfield>
		</marc:datafield>
		<marc:datafield ind1=" " ind2=" " tag="260">
			<marc:subfield code="a">London :</marc:subfield>
			<marc:subfield code="b">Printed by H. Kent, for William Sanby, bookseller ...,</marc:subfield>
			<marc:subfield code="c">1742.</marc:subfield>
			<marc:subfield code="a">[London]</marc:subfield>
		</marc:datafield>
		<marc:datafield ind1=" " ind2=" " tag="300">
			<marc:subfield code="a">[4], 183, [1] p. ;</marc:subfield>
			<marc:subfield code="c">17 cm. (12mo)</marc:subfield>
			<marc:subfield code="a">[1 v.]</marc:subfield>
		</marc:datafield>
		<marc:datafield ind1=" " ind2=" " tag="500">
			<marc:subfield code="a">Translation of Coloquio que passó entre Cipion y Bergança, and Rinconete y Cortadillo by Robert Goadby.  Cf. ESTC.</marc:subfield>
		</marc:datafield>
		<marc:datafield ind1=" " ind2=" " tag="500">
			<marc:subfield code="a">Written by Miguel de Cervantes Saavedra.</marc:subfield>
		</marc:datafield>
		<marc:datafield ind1=" " ind2=" " tag="500">
			<marc:subfield code="a">Signatures: A² B-H¹² I⁸.</marc:subfield>
		</marc:datafield>
		<marc:datafield ind1="4" ind2=" " tag="510">
			<marc:subfield code="a">ESTC (RLIN)</marc:subfield>
			<marc:subfield code="c">T60531</marc:subfield>
		</marc:datafield>
		<marc:datafield ind1=" " ind2="4" tag="650">
			<marc:subfield code="a">CHR 1742</marc:subfield>
		</marc:datafield>
		<marc:datafield ind1="1" ind2=" " tag="700">
			<marc:subfield code="a">Goadby, Robert,</marc:subfield>
			<marc:subfield code="d">1721-1778.</marc:subfield>
		</marc:datafield>
		<marc:datafield ind1="1" ind2="2" tag="700">
			<marc:subfield code="a">Cervantes Saavedra, Miguel de,</marc:subfield>
			<marc:subfield code="d">1547-1616.</marc:subfield>
			<marc:subfield code="t">Coloquio que passó entre Cipion y Bergança.</marc:subfield>
			<marc:subfield code="l">English.</marc:subfield>
		</marc:datafield>
		<marc:datafield ind1="1" ind2="2" tag="700">
			<marc:subfield code="a">Cervantes Saavedra, Miguel de,</marc:subfield>
			<marc:subfield code="d">1547-1616.</marc:subfield>
			<marc:subfield code="t">Rinconete y Cortadillo.</marc:subfield>
			<marc:subfield code="l">English.</marc:subfield>
		</marc:datafield>
		<marc:datafield ind1="2" ind2=" " tag="710">
			<marc:subfield code="a">Early Novels</marc:subfield>
			<marc:subfield code="5">University of Pennsylvania</marc:subfield>
		</marc:datafield>
		<marc:datafield ind1="2" ind2=" " tag="710">
			<marc:subfield code="a">Collection of British and American Fiction, 1660-1830 (University of Pennsylvania)</marc:subfield>
			<marc:subfield code="9">University of Pennsylvania</marc:subfield>
		</marc:datafield>
		<marc:datafield ind1="0" ind2="2" tag="740">
			<marc:subfield code="a">Diverting dialogue between Scipio and Bergansa.</marc:subfield>
		</marc:datafield>
		<marc:datafield ind1="0" ind2="2" tag="740">
			<marc:subfield code="a">Comical history of Rinconete and Cortadillo.</marc:subfield>
		</marc:datafield>
		<marc:datafield ind1="0" ind2=" " tag="852">
			<marc:subfield code="b">scrare</marc:subfield>
			<marc:subfield code="h">PQ6329</marc:subfield>
			<marc:subfield code="i">.C6 1742</marc:subfield>
		</marc:datafield>
		<marc:datafield ind1=" " ind2=" " tag="994">
			<marc:subfield code="a">E0</marc:subfield>
			<marc:subfield code="b">PAU</marc:subfield>
		</marc:datafield>
		<marc:datafield ind1=" " ind2=" " tag="999">
			<marc:subfield code="a">f</marc:subfield>
			<marc:subfield code="b">2000/11/07</marc:subfield>
		</marc:datafield>
	</marc:record>