
	<marc:record>
		<marc:leader>02215cam a2200433 i 4500</marc:leader>
		<marc:controlfield tag="001">260967</marc:controlfield>
		<marc:controlfield tag="005">20130319180833.0</marc:controlfield>
		<marc:controlfield tag="008">890911s1812    stk           000 f eng d</marc:controlfield>
		<marc:datafield ind1=" " ind2=" " tag="035">
			<marc:subfield code="a">(PUVoyagerBIBID)2891247</marc:subfield>
		</marc:datafield>
		<marc:datafield ind1=" " ind2=" " tag="035">
			<marc:subfield code="a">mrc03379525</marc:subfield>
		</marc:datafield>
		<marc:datafield ind1=" " ind2=" " tag="035">
			<marc:subfield code="a">(MediadbVoyBIBID)260967</marc:subfield>
		</marc:datafield>
		<marc:datafield ind1=" " ind2=" " tag="035">
			<marc:subfield code="a">(END)sm_pr1297_w4_1812</marc:subfield>
		</marc:datafield>
		<marc:datafield ind1=" " ind2=" " tag="040">
			<marc:subfield code="c">SAZTEC</marc:subfield>
			<marc:subfield code="d">MiU</marc:subfield>
			<marc:subfield code="d">CStRLIN</marc:subfield>
			<marc:subfield code="d">PU</marc:subfield>
		</marc:datafield>
		<marc:datafield ind1=" " ind2="4" tag="050">
			<marc:subfield code="a">PR1297</marc:subfield>
			<marc:subfield code="b">.W4 1812</marc:subfield>
		</marc:datafield>
		<marc:datafield ind1=" " ind2=" " tag="092">
			<marc:subfield code="a">823C</marc:subfield>
			<marc:subfield code="b">W383</marc:subfield>
		</marc:datafield>
		<marc:datafield ind1="0" ind2="0" tag="245">
			<marc:subfield code="a">Popular romances :</marc:subfield>
			<marc:subfield code="b">consisting of imaginary voyages and travels : Containing Gulliver\\\'s travels, Journey to the world under ground, The life and adventures of Peter Wilkins, The adventures of Robinson Crusoe, and The history of Automathes /</marc:subfield>
			<marc:subfield code="c">to which is prefixed an introductory dissertation, by Henry Weber, esq.</marc:subfield>
		</marc:datafield>
		<marc:datafield ind1="3" ind2="0" tag="246">
			<marc:subfield code="a">Gulliver\\\'s travels</marc:subfield>
		</marc:datafield>
		<marc:datafield ind1="3" ind2="0" tag="246">
			<marc:subfield code="a">Journey to the world under ground</marc:subfield>
		</marc:datafield>
		<marc:datafield ind1="3" ind2="0" tag="246">
			<marc:subfield code="a">Life and adventures of Peter Wilkins</marc:subfield>
		</marc:datafield>
		<marc:datafield ind1="3" ind2="0" tag="246">
			<marc:subfield code="a">Adventures of Robinson Crusoe</marc:subfield>
		</marc:datafield>
		<marc:datafield ind1="3" ind2="0" tag="246">
			<marc:subfield code="a">History of Automathes</marc:subfield>
		</marc:datafield>
		<marc:datafield ind1=" " ind2=" " tag="260">
			<marc:subfield code="a">Edinburgh :</marc:subfield>
			<marc:subfield code="b">J. Ballantyne and Company [and 4 others],</marc:subfield>
			<marc:subfield code="c">1812.</marc:subfield>
			<marc:subfield code="a">[Edinburgh]</marc:subfield>
		</marc:datafield>
		<marc:datafield ind1=" " ind2=" " tag="300">
			<marc:subfield code="a">xliii, 638 p. ;</marc:subfield>
			<marc:subfield code="c">24 cm.</marc:subfield>
			<marc:subfield code="a">[1 v.]</marc:subfield>
		</marc:datafield>
		<marc:datafield ind1=" " ind2=" " tag="500">
			<marc:subfield code="a">In double columns.</marc:subfield>
		</marc:datafield>
		<marc:datafield ind1="0" ind2=" " tag="505">
			<marc:subfield code="a">Gulliver\\\'s travels [by J. Swift]--Journey to the world underground [by L. Holdberg]--The life and adventures of Peter Wilkins [By R. Paltock]--The adventures of Robinson Crusoe [by D. Defoe]--The history of the automates [by E. Gibbon.</marc:subfield>
		</marc:datafield>
		<marc:datafield ind1=" " ind2="4" tag="650">
			<marc:subfield code="a">CHR 1812</marc:subfield>
		</marc:datafield>
		<marc:datafield ind1=" " ind2="0" tag="690">
			<marc:subfield code="a">Voyages, Imaginary.</marc:subfield>
		</marc:datafield>
		<marc:datafield ind1=" " ind2="0" tag="690">
			<marc:subfield code="a">Adventure stories.</marc:subfield>
		</marc:datafield>
		<marc:datafield ind1=" " ind2="0" tag="690">
			<marc:subfield code="a">Utopias.</marc:subfield>
		</marc:datafield>
		<marc:datafield ind1="1" ind2=" " tag="700">
			<marc:subfield code="a">Weber, Henry William,</marc:subfield>
			<marc:subfield code="d">1783-1818,</marc:subfield>
			<marc:subfield code="e">comp.</marc:subfield>
		</marc:datafield>
		<marc:datafield ind1="1" ind2=" " tag="700">
			<marc:subfield code="a">Swift, Jonathan,</marc:subfield>
			<marc:subfield code="d">1667-1745.</marc:subfield>
			<marc:subfield code="t">Gulliver\\\'s travels.</marc:subfield>
		</marc:datafield>
		<marc:datafield ind1="1" ind2=" " tag="700">
			<marc:subfield code="a">Holdberg, Ludvig,</marc:subfield>
			<marc:subfield code="b">baron,</marc:subfield>
			<marc:subfield code="c">1684-1754.</marc:subfield>
			<marc:subfield code="t">Nicolai Klimii iter subterraneum.</marc:subfield>
			<marc:subfield code="l">English.</marc:subfield>
		</marc:datafield>
		<marc:datafield ind1="1" ind2=" " tag="700">
			<marc:subfield code="a">Patlock, Robert,</marc:subfield>
			<marc:subfield code="d">1697-1767.</marc:subfield>
			<marc:subfield code="t">Life and adventures of Peter Wilkins.</marc:subfield>
		</marc:datafield>
		<marc:datafield ind1="1" ind2=" " tag="700">
			<marc:subfield code="a">Defoe, Daniel,</marc:subfield>
			<marc:subfield code="d">1661-1731.</marc:subfield>
			<marc:subfield code="t">Robinson Crusoe.</marc:subfield>
		</marc:datafield>
		<marc:datafield ind1="1" ind2=" " tag="700">
			<marc:subfield code="a">Gibbon, Edward,</marc:subfield>
			<marc:subfield code="d">1737-1794.</marc:subfield>
			<marc:subfield code="t">History of the automates.</marc:subfield>
		</marc:datafield>
		<marc:datafield ind1="2" ind2=" " tag="710">
			<marc:subfield code="a">Early Novels</marc:subfield>
			<marc:subfield code="5">University of Pennsylvania</marc:subfield>
		</marc:datafield>
		<marc:datafield ind1="2" ind2=" " tag="710">
			<marc:subfield code="a">Collection of British and American Fiction, 1660-1830 (University of Pennsylvania)</marc:subfield>
			<marc:subfield code="9">University of Pennsylvania</marc:subfield>
		</marc:datafield>
		<marc:datafield ind1="0" ind2=" " tag="852">
			<marc:subfield code="b">scteer</marc:subfield>
			<marc:subfield code="h">PR1297</marc:subfield>
			<marc:subfield code="i">.W4 1812</marc:subfield>
			<marc:subfield code="x">22146</marc:subfield>
			<marc:subfield code="x">trans. fr. VPL 823C W383</marc:subfield>
		</marc:datafield>
		<marc:datafield ind1="1" ind2=" " tag="949">
			<marc:subfield code="l">vanp</marc:subfield>
			<marc:subfield code="h">823C</marc:subfield>
			<marc:subfield code="i">W383</marc:subfield>
		</marc:datafield>
	</marc:record>