
	<marc:record>
		<marc:leader>01251cam a2200325 i 4500</marc:leader>
		<marc:controlfield tag="001">260970</marc:controlfield>
		<marc:controlfield tag="005">20130320181104.0</marc:controlfield>
		<marc:controlfield tag="008">990202s1818    stk           000 1 eng d</marc:controlfield>
		<marc:datafield ind1=" " ind2=" " tag="035">
			<marc:subfield code="a">(PUVoyagerBIBID)2923618</marc:subfield>
		</marc:datafield>
		<marc:datafield ind1=" " ind2=" " tag="035">
			<marc:subfield code="a">mrc03420560</marc:subfield>
		</marc:datafield>
		<marc:datafield ind1=" " ind2=" " tag="035">
			<marc:subfield code="a">(MediadbVoyBIBID)260970</marc:subfield>
		</marc:datafield>
		<marc:datafield ind1=" " ind2=" " tag="035">
			<marc:subfield code="a">(END)sm_pr5316_t2_1818</marc:subfield>
		</marc:datafield>
		<marc:datafield ind1=" " ind2=" " tag="040">
			<marc:subfield code="c">CarP</marc:subfield>
			<marc:subfield code="d">CStRLIN</marc:subfield>
			<marc:subfield code="d">NNPM</marc:subfield>
		</marc:datafield>
		<marc:datafield ind1=" " ind2=" " tag="043">
			<marc:subfield code="a">e-uk---</marc:subfield>
		</marc:datafield>
		<marc:datafield ind1=" " ind2="4" tag="050">
			<marc:subfield code="a">PR5316</marc:subfield>
			<marc:subfield code="b">.T2 1818</marc:subfield>
		</marc:datafield>
		<marc:datafield ind1=" " ind2=" " tag="092">
			<marc:subfield code="a">823</marc:subfield>
			<marc:subfield code="b">Sco3Ta 1818</marc:subfield>
		</marc:datafield>
		<marc:datafield ind1="1" ind2=" " tag="100">
			<marc:subfield code="a">Scott, Walter</marc:subfield>
			<marc:subfield code="c">Sir,</marc:subfield>
			<marc:subfield code="d">1771-1832.</marc:subfield>
		</marc:datafield>
		<marc:datafield ind1="1" ind2="0" tag="245">
			<marc:subfield code="a">Tales of my landlord /</marc:subfield>
			<marc:subfield code="c">collected and arranged by Jedediah Cleishbotham.</marc:subfield>
		</marc:datafield>
		<marc:datafield ind1=" " ind2=" " tag="250">
			<marc:subfield code="a">Fourth edition.</marc:subfield>
			<marc:subfield code="b">Fourth edition.</marc:subfield>
		</marc:datafield>
		<marc:datafield ind1=" " ind2=" " tag="260">
			<marc:subfield code="a">Edinburgh :</marc:subfield>
			<marc:subfield code="b">Printed for William Blackwood ;</marc:subfield>
			<marc:subfield code="a">London :</marc:subfield>
			<marc:subfield code="b">John Murray,</marc:subfield>
			<marc:subfield code="c">1818.</marc:subfield>
			<marc:subfield code="a">[Edinburgh]</marc:subfield>
		</marc:datafield>
		<marc:datafield ind1=" " ind2=" " tag="300">
			<marc:subfield code="a">4 v. ;</marc:subfield>
			<marc:subfield code="c">20 cm.</marc:subfield>
			<marc:subfield code="a">[4 v.]</marc:subfield>
		</marc:datafield>
		<marc:datafield ind1=" " ind2=" " tag="500">
			<marc:subfield code="a">First series.</marc:subfield>
		</marc:datafield>
		<marc:datafield ind1="0" ind2=" " tag="505">
			<marc:subfield code="a">I. The black dwarf -- II-IV. Old mortality.</marc:subfield>
		</marc:datafield>
		<marc:datafield ind1=" " ind2="4" tag="650">
			<marc:subfield code="a">CHR 1818.</marc:subfield>
		</marc:datafield>
		<marc:datafield ind1=" " ind2="0" tag="651">
			<marc:subfield code="a">Great Britain</marc:subfield>
			<marc:subfield code="x">History</marc:subfield>
			<marc:subfield code="y">George II, 1727-1760</marc:subfield>
			<marc:subfield code="v">Fiction.</marc:subfield>
		</marc:datafield>
		<marc:datafield ind1="2" ind2=" " tag="710">
			<marc:subfield code="a">Early Novels</marc:subfield>
			<marc:subfield code="5">University of Pennsylvania</marc:subfield>
		</marc:datafield>
		<marc:datafield ind1="2" ind2=" " tag="710">
			<marc:subfield code="a">Collection of British and American Fiction, 1660-1830 (University of Pennsylvania)</marc:subfield>
			<marc:subfield code="9">University of Pennsylvania</marc:subfield>
		</marc:datafield>
		<marc:datafield ind1="0" ind2=" " tag="852">
			<marc:subfield code="b">scsing</marc:subfield>
			<marc:subfield code="h">PR5316</marc:subfield>
			<marc:subfield code="i">.T2 1818</marc:subfield>
			<marc:subfield code="x">g. anon.</marc:subfield>
			<marc:subfield code="x">trans. fr. 823 Sco3Ta 1818</marc:subfield>
		</marc:datafield>
		<marc:datafield ind1="4" ind2="1" tag="866">
			<marc:subfield code="8">0</marc:subfield>
			<marc:subfield code="a">v.1-4</marc:subfield>
		</marc:datafield>
		<marc:datafield ind1="1" ind2=" " tag="949">
			<marc:subfield code="l">vanp</marc:subfield>
			<marc:subfield code="h">823</marc:subfield>
			<marc:subfield code="i">Sco3Ta 1818</marc:subfield>
			<marc:subfield code="v">v.1-4</marc:subfield>
		</marc:datafield>
	</marc:record>