
	<marc:record>
		<marc:leader>01823cam a2200325 i 4500</marc:leader>
		<marc:controlfield tag="001">260980</marc:controlfield>
		<marc:controlfield tag="005">20130320170918.0</marc:controlfield>
		<marc:controlfield tag="008">011030s1812    nyu           000 0 eng d</marc:controlfield>
		<marc:datafield ind1=" " ind2=" " tag="035">
			<marc:subfield code="a">(PUVoyagerBIBID)3084809</marc:subfield>
		</marc:datafield>
		<marc:datafield ind1=" " ind2=" " tag="035">
			<marc:subfield code="a">(MediadbVoyBIBID)260980</marc:subfield>
		</marc:datafield>
		<marc:datafield ind1=" " ind2=" " tag="035">
			<marc:subfield code="a">(END)rbc_pr3724_t3_1812</marc:subfield>
		</marc:datafield>
		<marc:datafield ind1=" " ind2=" " tag="040">
			<marc:subfield code="a">CSt</marc:subfield>
			<marc:subfield code="c">CSt</marc:subfield>
			<marc:subfield code="d">PU</marc:subfield>
		</marc:datafield>
		<marc:datafield ind1=" " ind2="4" tag="050">
			<marc:subfield code="a">PR3724</marc:subfield>
			<marc:subfield code="b">.T3 1812</marc:subfield>
		</marc:datafield>
		<marc:datafield ind1="1" ind2="0" tag="100">
			<marc:subfield code="a">Swift, Jonathan</marc:subfield>
			<marc:subfield code="d">1667-1745.</marc:subfield>
		</marc:datafield>
		<marc:datafield ind1="1" ind2="2" tag="245">
			<marc:subfield code="a">A tale of a tub :</marc:subfield>
			<marc:subfield code="b">written for the universal improvement of mankind : To which is added, An account of a battle between the ancient and modern books in St. James\\\'s Library : with the author\\\'s apology, and explanatory notes /</marc:subfield>
			<marc:subfield code="c">by W. Wotton and others.</marc:subfield>
		</marc:datafield>
		<marc:datafield ind1="3" ind2="0" tag="246">
			<marc:subfield code="a">Account of a battle between the ancient and modern books in St. James\\\'s Library</marc:subfield>
		</marc:datafield>
		<marc:datafield ind1="0" ind2=" " tag="260">
			<marc:subfield code="a">New York :</marc:subfield>
			<marc:subfield code="b">William Durrell and Co.,</marc:subfield>
			<marc:subfield code="c">1812</marc:subfield>
			<marc:subfield code="e">([New York] :</marc:subfield>
			<marc:subfield code="f">C.S. Van Winkle)</marc:subfield>
			<marc:subfield code="a">[New York]</marc:subfield>
		</marc:datafield>
		<marc:datafield ind1=" " ind2=" " tag="300">
			<marc:subfield code="a">235 p. ;</marc:subfield>
			<marc:subfield code="c">18 cm.</marc:subfield>
			<marc:subfield code="a">[1 v.]</marc:subfield>
		</marc:datafield>
		<marc:datafield ind1=" " ind2=" " tag="500">
			<marc:subfield code="a">""A full and true account of the battle fought last Friday between the ancient and the modern books in St.James\\\'s Library"": p. [199]-235."</marc:subfield>
		</marc:datafield>
		<marc:datafield ind1=" " ind2=" " tag="500">
			<marc:subfield code="a">A separate issue of the Works, v.III, 1812.--cf. Teerink-Scouten</marc:subfield>
		</marc:datafield>
		<marc:datafield ind1="4" ind2=" " tag="510">
			<marc:subfield code="a">Shaw &amp; Shoemaker</marc:subfield>
			<marc:subfield code="c">26838.</marc:subfield>
		</marc:datafield>
		<marc:datafield ind1="4" ind2=" " tag="510">
			<marc:subfield code="a">Teerink-Scouten</marc:subfield>
			<marc:subfield code="c">251</marc:subfield>
		</marc:datafield>
		<marc:datafield ind1=" " ind2="4" tag="650">
			<marc:subfield code="a">CHR 1812</marc:subfield>
		</marc:datafield>
		<marc:datafield ind1="1" ind2="0" tag="700">
			<marc:subfield code="a">Wotton, William,</marc:subfield>
			<marc:subfield code="d">1666-1727.</marc:subfield>
		</marc:datafield>
		<marc:datafield ind1="1" ind2="0" tag="700">
			<marc:subfield code="a">Swift, Jonathan,</marc:subfield>
			<marc:subfield code="d">1667-1745.</marc:subfield>
			<marc:subfield code="t">Battle of the books.</marc:subfield>
		</marc:datafield>
		<marc:datafield ind1="1" ind2="2" tag="700">
			<marc:subfield code="a">Wotton, Henry,</marc:subfield>
			<marc:subfield code="c">Sir,</marc:subfield>
			<marc:subfield code="d">1568-1639.</marc:subfield>
			<marc:subfield code="t">Remarks upon the quotation out of Iraeneus.</marc:subfield>
		</marc:datafield>
		<marc:datafield ind1="2" ind2=" " tag="710">
			<marc:subfield code="a">Early Novels</marc:subfield>
			<marc:subfield code="5">University of Pennsylvania</marc:subfield>
		</marc:datafield>
		<marc:datafield ind1="2" ind2=" " tag="710">
			<marc:subfield code="a">Collection of British and American Fiction, 1660-1830 (University of Pennsylvania)</marc:subfield>
			<marc:subfield code="9">University of Pennsylvania</marc:subfield>
		</marc:datafield>
		<marc:datafield ind1="0" ind2="2" tag="740">
			<marc:subfield code="a">Full and true account of the battle fought last Friday, between the ancient and the modern books in St. James\\\'s Library.</marc:subfield>
		</marc:datafield>
		<marc:datafield ind1="0" ind2=" " tag="852">
			<marc:subfield code="b">scteer</marc:subfield>
			<marc:subfield code="h">PR3724</marc:subfield>
			<marc:subfield code="i">.T3 1812</marc:subfield>
			<marc:subfield code="x">57-197</marc:subfield>
			<marc:subfield code="x">recl. fr. EC7.Sw555.704t.1812</marc:subfield>
		</marc:datafield>
	</marc:record>