
	<marc:record>
		<marc:leader>01293cam a2200337 i 4500</marc:leader>
		<marc:controlfield tag="001">260981</marc:controlfield>
		<marc:controlfield tag="005">20130219154029.0</marc:controlfield>
		<marc:controlfield tag="008">010226s1815    enk           000 1 eng d</marc:controlfield>
		<marc:datafield ind1=" " ind2=" " tag="035">
			<marc:subfield code="a">(PUVoyagerBIBID)3092158</marc:subfield>
		</marc:datafield>
		<marc:datafield ind1=" " ind2=" " tag="035">
			<marc:subfield code="a">mrc04158368</marc:subfield>
		</marc:datafield>
		<marc:datafield ind1=" " ind2=" " tag="035">
			<marc:subfield code="a">(MediadbVoyBIBID)260981</marc:subfield>
		</marc:datafield>
		<marc:datafield ind1=" " ind2=" " tag="035">
			<marc:subfield code="a">(END)sm_pr5059_m23_c57_1815_v1</marc:subfield>
		</marc:datafield>
		<marc:datafield ind1=" " ind2=" " tag="035">
			<marc:subfield code="a">(END)sm_pr5059_m23_c57_1815_v2</marc:subfield>
		</marc:datafield>
		<marc:datafield ind1=" " ind2=" " tag="035">
			<marc:subfield code="a">(END)sm_pr5059_m23_c57_1815_v3</marc:subfield>
		</marc:datafield>
		<marc:datafield ind1=" " ind2=" " tag="040">
			<marc:subfield code="c">UPvMLC</marc:subfield>
			<marc:subfield code="d">PU</marc:subfield>
		</marc:datafield>
		<marc:datafield ind1=" " ind2="4" tag="050">
			<marc:subfield code="a">PR5059.M23</marc:subfield>
			<marc:subfield code="b">C57 1815</marc:subfield>
		</marc:datafield>
		<marc:datafield ind1="1" ind2=" " tag="100">
			<marc:subfield code="a">Mordaunt, Henry</marc:subfield>
		</marc:datafield>
		<marc:datafield ind1="1" ind2="0" tag="245">
			<marc:subfield code="a">Chronicles of the Ton, or, A spring and summer in London /</marc:subfield>
			<marc:subfield code="c">by Henry Mordaunt.</marc:subfield>
		</marc:datafield>
		<marc:datafield ind1="3" ind2="0" tag="246">
			<marc:subfield code="a">Chronicles of the Ton</marc:subfield>
		</marc:datafield>
		<marc:datafield ind1="3" ind2="0" tag="246">
			<marc:subfield code="a">Spring and summer in London</marc:subfield>
		</marc:datafield>
		<marc:datafield ind1=" " ind2=" " tag="260">
			<marc:subfield code="b">London :</marc:subfield>
			<marc:subfield code="b">Printed for the Booksellers,</marc:subfield>
			<marc:subfield code="c">1815.</marc:subfield>
		</marc:datafield>
		<marc:datafield ind1=" " ind2=" " tag="300">
			<marc:subfield code="a">3 v. ;</marc:subfield>
			<marc:subfield code="c">17 cm.</marc:subfield>
			<marc:subfield code="a">[3 v.]</marc:subfield>
		</marc:datafield>
		<marc:datafield ind1=" " ind2=" " tag="500">
			<marc:subfield code="a">""Printed by Hamblin and Seyfang ...""--Verso of t.p."</marc:subfield>
		</marc:datafield>
		<marc:datafield ind1="4" ind2=" " tag="510">
			<marc:subfield code="a">English novel, 1770-1829,</marc:subfield>
			<marc:subfield code="c">1815:37</marc:subfield>
		</marc:datafield>
		<marc:datafield ind1="4" ind2=" " tag="510">
			<marc:subfield code="a">Block, A.  Engl. novel (1961 ed.),</marc:subfield>
			<marc:subfield code="c">p.166</marc:subfield>
		</marc:datafield>
		<marc:datafield ind1=" " ind2="4" tag="650">
			<marc:subfield code="a">CHR 1815</marc:subfield>
		</marc:datafield>
		<marc:datafield ind1="2" ind2=" " tag="710">
			<marc:subfield code="a">Early Novels</marc:subfield>
			<marc:subfield code="5">University of Pennsylvania</marc:subfield>
		</marc:datafield>
		<marc:datafield ind1="2" ind2=" " tag="710">
			<marc:subfield code="a">Collection of British and American Fiction, 1660-1830 (University of Pennsylvania)</marc:subfield>
			<marc:subfield code="9">University of Pennsylvania</marc:subfield>
		</marc:datafield>
		<marc:datafield ind1="0" ind2=" " tag="852">
			<marc:subfield code="b">scsing</marc:subfield>
			<marc:subfield code="h">PR5059.M23</marc:subfield>
			<marc:subfield code="i">C57 1815</marc:subfield>
			<marc:subfield code="x">296891-93</marc:subfield>
			<marc:subfield code="x">Recl. and tr. fr. VPL/823/M812C</marc:subfield>
		</marc:datafield>
		<marc:datafield ind1="4" ind2="1" tag="866">
			<marc:subfield code="8">0</marc:subfield>
			<marc:subfield code="a">v.1-3</marc:subfield>
		</marc:datafield>
		<marc:datafield ind1="1" ind2=" " tag="949">
			<marc:subfield code="l">vanp</marc:subfield>
			<marc:subfield code="h">823</marc:subfield>
			<marc:subfield code="i">M812C</marc:subfield>
			<marc:subfield code="v">v.1-3</marc:subfield>
		</marc:datafield>
	</marc:record>