
	<marc:record>
		<marc:leader>00861cam a2200241 i 4500</marc:leader>
		<marc:controlfield tag="001">260984</marc:controlfield>
		<marc:controlfield tag="005">20111123143143.0</marc:controlfield>
		<marc:controlfield tag="008">010301s1811    enk           000 1 eng d</marc:controlfield>
		<marc:datafield ind1=" " ind2=" " tag="035">
			<marc:subfield code="a">(PUVoyagerBIBID)3092617</marc:subfield>
		</marc:datafield>
		<marc:datafield ind1=" " ind2=" " tag="035">
			<marc:subfield code="a">mrc04167846</marc:subfield>
		</marc:datafield>
		<marc:datafield ind1=" " ind2=" " tag="035">
			<marc:subfield code="a">(MediadbVoyBIBID)260984</marc:subfield>
		</marc:datafield>
		<marc:datafield ind1=" " ind2=" " tag="035">
			<marc:subfield code="a">(END)sm_pr3991_a1_w67_1811</marc:subfield>
		</marc:datafield>
		<marc:datafield ind1=" " ind2=" " tag="040">
			<marc:subfield code="c">UPvMLC</marc:subfield>
		</marc:datafield>
		<marc:datafield ind1=" " ind2="4" tag="050">
			<marc:subfield code="a">PR3991.A1</marc:subfield>
			<marc:subfield code="b">W67 1811</marc:subfield>
		</marc:datafield>
		<marc:datafield ind1=" " ind2=" " tag="092">
			<marc:subfield code="a">823</marc:subfield>
			<marc:subfield code="b">W89</marc:subfield>
		</marc:datafield>
		<marc:datafield ind1="0" ind2="0" tag="245">
			<marc:subfield code="a">Worthingham-lease :</marc:subfield>
			<marc:subfield code="b">a tale /</marc:subfield>
			<marc:subfield code="c">by _____.</marc:subfield>
		</marc:datafield>
		<marc:datafield ind1=" " ind2=" " tag="260">
			<marc:subfield code="a">London :</marc:subfield>
			<marc:subfield code="b">Printed by W. Lewis, Published by M. Jones,</marc:subfield>
			<marc:subfield code="c">1811.</marc:subfield>
			<marc:subfield code="a">[London]</marc:subfield>
		</marc:datafield>
		<marc:datafield ind1=" " ind2=" " tag="300">
			<marc:subfield code="a">151 p. ;</marc:subfield>
			<marc:subfield code="c">20 cm.</marc:subfield>
			<marc:subfield code="a">[1 v.]</marc:subfield>
		</marc:datafield>
		<marc:datafield ind1=" " ind2="4" tag="650">
			<marc:subfield code="a">CHR 1811</marc:subfield>
		</marc:datafield>
		<marc:datafield ind1="2" ind2=" " tag="710">
			<marc:subfield code="a">Early Novels</marc:subfield>
			<marc:subfield code="5">University of Pennsylvania</marc:subfield>
		</marc:datafield>
		<marc:datafield ind1="2" ind2=" " tag="710">
			<marc:subfield code="a">Collection of British and American Fiction, 1660-1830 (University of Pennsylvania)</marc:subfield>
			<marc:subfield code="9">University of Pennsylvania</marc:subfield>
		</marc:datafield>
		<marc:datafield ind1="0" ind2=" " tag="852">
			<marc:subfield code="b">scsing</marc:subfield>
			<marc:subfield code="h">PR3991.A1</marc:subfield>
			<marc:subfield code="i">W67 1811</marc:subfield>
			<marc:subfield code="x">22131</marc:subfield>
			<marc:subfield code="x">recl. fr. VPL 823 W89</marc:subfield>
		</marc:datafield>
		<marc:datafield ind1="1" ind2=" " tag="949">
			<marc:subfield code="l">vanp</marc:subfield>
			<marc:subfield code="h">823</marc:subfield>
			<marc:subfield code="i">W89</marc:subfield>
		</marc:datafield>
	</marc:record>