
	<marc:record>
		<marc:leader>01576cam a2200349 a 4500</marc:leader>
		<marc:controlfield tag="001">260986</marc:controlfield>
		<marc:controlfield tag="005">20130228160422.0</marc:controlfield>
		<marc:controlfield tag="008">951109s1816    enkaf  j      000 1 eng d</marc:controlfield>
		<marc:datafield ind1=" " ind2=" " tag="035">
			<marc:subfield code="a">(PUVoyagerBIBID)3106123</marc:subfield>
		</marc:datafield>
		<marc:datafield ind1=" " ind2=" " tag="035">
			<marc:subfield code="a">mlr00038226</marc:subfield>
		</marc:datafield>
		<marc:datafield ind1=" " ind2=" " tag="035">
			<marc:subfield code="a">(MediadbVoyBIBID)260986</marc:subfield>
		</marc:datafield>
		<marc:datafield ind1=" " ind2=" " tag="035">
			<marc:subfield code="a">(END)sm_pz6_s92_1816</marc:subfield>
		</marc:datafield>
		<marc:datafield ind1=" " ind2=" " tag="040">
			<marc:subfield code="a">MUS</marc:subfield>
			<marc:subfield code="c">MUS</marc:subfield>
			<marc:subfield code="d">OCL</marc:subfield>
			<marc:subfield code="d">OCLCQ</marc:subfield>
			<marc:subfield code="d">PU</marc:subfield>
		</marc:datafield>
		<marc:datafield ind1=" " ind2=" " tag="090">
			<marc:subfield code="a">PZ6</marc:subfield>
			<marc:subfield code="b">.S92 1816</marc:subfield>
		</marc:datafield>
		<marc:datafield ind1="1" ind2=" " tag="100">
			<marc:subfield code="a">Sullivan, W. F</marc:subfield>
			<marc:subfield code="q">(William Francis),</marc:subfield>
			<marc:subfield code="d">1756-1830.</marc:subfield>
		</marc:datafield>
		<marc:datafield ind1="1" ind2="4" tag="245">
			<marc:subfield code="a">The history of Mr. Rightway and his pupils :</marc:subfield>
			<marc:subfield code="b">an entertaining and instructive lesson for young gentlemen /</marc:subfield>
			<marc:subfield code="c">written by William Francis Sullivan.</marc:subfield>
		</marc:datafield>
		<marc:datafield ind1=" " ind2=" " tag="260">
			<marc:subfield code="a">London :</marc:subfield>
			<marc:subfield code="b">Printed by and for William Darton, Jun., 58, Holborn Hill,</marc:subfield>
			<marc:subfield code="c">1816.</marc:subfield>
			<marc:subfield code="a">[London]</marc:subfield>
		</marc:datafield>
		<marc:datafield ind1=" " ind2=" " tag="300">
			<marc:subfield code="a">[2], 85, [19] p., [2] leaves of plates ;</marc:subfield>
			<marc:subfield code="b">ill. ;</marc:subfield>
			<marc:subfield code="c">14 cm.</marc:subfield>
			<marc:subfield code="a">[1 v.]</marc:subfield>
		</marc:datafield>
		<marc:datafield ind1=" " ind2=" " tag="500">
			<marc:subfield code="a">Signatures: B-H⁶, [I⁶, K⁴].</marc:subfield>
		</marc:datafield>
		<marc:datafield ind1=" " ind2=" " tag="500">
			<marc:subfield code="a">Eighteen page publisher catalog bound at end of book.</marc:subfield>
		</marc:datafield>
		<marc:datafield ind1=" " ind2=" " tag="500">
			<marc:subfield code="a">Engravings dated April 15, 1817.</marc:subfield>
		</marc:datafield>
		<marc:datafield ind1="4" ind2=" " tag="510">
			<marc:subfield code="a">Block, A. Engl. novel (1961 ed.),</marc:subfield>
			<marc:subfield code="c">p.229</marc:subfield>
		</marc:datafield>
		<marc:datafield ind1=" " ind2="0" tag="650">
			<marc:subfield code="a">Conduct of life</marc:subfield>
			<marc:subfield code="v">Juvenile fiction.</marc:subfield>
		</marc:datafield>
		<marc:datafield ind1=" " ind2="4" tag="650">
			<marc:subfield code="a">CHR 1816</marc:subfield>
		</marc:datafield>
		<marc:datafield ind1=" " ind2="4" tag="650">
			<marc:subfield code="a">PRO Leigh, M.A. (autograph, 1843)</marc:subfield>
		</marc:datafield>
		<marc:datafield ind1=" " ind2="7" tag="656">
			<marc:subfield code="a">Advertisements</marc:subfield>
			<marc:subfield code="z">Great Britain</marc:subfield>
			<marc:subfield code="z">London</marc:subfield>
			<marc:subfield code="y">19th century.</marc:subfield>
			<marc:subfield code="2">rbgenr</marc:subfield>
		</marc:datafield>
		<marc:datafield ind1="2" ind2=" " tag="710">
			<marc:subfield code="a">Early Novels</marc:subfield>
			<marc:subfield code="5">University of Pennsylvania</marc:subfield>
		</marc:datafield>
		<marc:datafield ind1="2" ind2=" " tag="710">
			<marc:subfield code="a">Collection of British and American Fiction, 1660-1830 (University of Pennsylvania)</marc:subfield>
			<marc:subfield code="9">University of Pennsylvania</marc:subfield>
		</marc:datafield>
		<marc:datafield ind1="0" ind2="2" tag="740">
			<marc:subfield code="a">Entertaining and instructive lesson for young gentlemen.</marc:subfield>
		</marc:datafield>
		<marc:datafield ind1="0" ind2=" " tag="852">
			<marc:subfield code="b">scsing</marc:subfield>
			<marc:subfield code="h">PZ6</marc:subfield>
			<marc:subfield code="i">.S92 1816</marc:subfield>
			<marc:subfield code="x">633963</marc:subfield>
			<marc:subfield code="x">trans. fr. VPL 823 Su56H</marc:subfield>
		</marc:datafield>
		<marc:datafield ind1="1" ind2=" " tag="949">
			<marc:subfield code="l">vanp</marc:subfield>
			<marc:subfield code="h">823</marc:subfield>
			<marc:subfield code="i">Su56H</marc:subfield>
		</marc:datafield>
		<marc:datafield ind1=" " ind2=" " tag="994">
			<marc:subfield code="a">C0</marc:subfield>
			<marc:subfield code="b">PAU</marc:subfield>
		</marc:datafield>
	</marc:record>