
	<marc:record>
		<marc:leader>01322cam a2200277 i 4500</marc:leader>
		<marc:controlfield tag="001">260988</marc:controlfield>
		<marc:controlfield tag="005">20130227135152.0</marc:controlfield>
		<marc:controlfield tag="008">020102s1819    enka          000 1 eng d</marc:controlfield>
		<marc:datafield ind1=" " ind2=" " tag="035">
			<marc:subfield code="a">(PUVoyagerBIBID)3137415</marc:subfield>
		</marc:datafield>
		<marc:datafield ind1=" " ind2=" " tag="035">
			<marc:subfield code="a">(MediadbVoyBIBID)260988</marc:subfield>
		</marc:datafield>
		<marc:datafield ind1=" " ind2=" " tag="035">
			<marc:subfield code="a">(END)pr3724_g7_1819</marc:subfield>
		</marc:datafield>
		<marc:datafield ind1=" " ind2=" " tag="040">
			<marc:subfield code="a">NDD</marc:subfield>
			<marc:subfield code="c">NDD</marc:subfield>
			<marc:subfield code="d">PU</marc:subfield>
		</marc:datafield>
		<marc:datafield ind1=" " ind2="4" tag="050">
			<marc:subfield code="a">PR3724</marc:subfield>
			<marc:subfield code="b">.G7 1819</marc:subfield>
		</marc:datafield>
		<marc:datafield ind1="1" ind2=" " tag="100">
			<marc:subfield code="a">Swift, Jonathan</marc:subfield>
			<marc:subfield code="d">1667-1745.</marc:subfield>
		</marc:datafield>
		<marc:datafield ind1="1" ind2="0" tag="240">
			<marc:subfield code="a">Gulliver\\\'s travels</marc:subfield>
		</marc:datafield>
		<marc:datafield ind1="1" ind2="0" tag="245">
			<marc:subfield code="a">Gulliver\\\'s travels into several remote nations of the world /</marc:subfield>
			<marc:subfield code="c">by Jonathan Swift ; with a sketch of his life.</marc:subfield>
		</marc:datafield>
		<marc:datafield ind1=" " ind2=" " tag="260">
			<marc:subfield code="a">London :</marc:subfield>
			<marc:subfield code="b">Printed for J. Walker [and 15 others] by S. Hamilton,</marc:subfield>
			<marc:subfield code="c">1819.</marc:subfield>
			<marc:subfield code="a">[London]</marc:subfield>
		</marc:datafield>
		<marc:datafield ind1=" " ind2=" " tag="300">
			<marc:subfield code="a">[12], 322 p., [1] leaf of plates :</marc:subfield>
			<marc:subfield code="b">ill. ;</marc:subfield>
			<marc:subfield code="c">16 cm.</marc:subfield>
			<marc:subfield code="a">[1 v.]</marc:subfield>
		</marc:datafield>
		<marc:datafield ind1=" " ind2=" " tag="500">
			<marc:subfield code="a">Added engraved t.-p.</marc:subfield>
		</marc:datafield>
		<marc:datafield ind1="0" ind2=" " tag="505">
			<marc:subfield code="a">Pt. I. A voyage to Lilliput. -- Pt. II. A voyage to Brobdingnag. -- Pt. III. A voyage to Laputa, Balnibarbi, Glubbdubdrib, Luggnagg and Japan. -- Pt. IV. A voyage to the country of the Houyhnhnms.</marc:subfield>
		</marc:datafield>
		<marc:datafield ind1="4" ind2=" " tag="510">
			<marc:subfield code="a">Teerink-Scouten</marc:subfield>
			<marc:subfield code="c">337</marc:subfield>
		</marc:datafield>
		<marc:datafield ind1=" " ind2="0" tag="650">
			<marc:subfield code="a">Voyages, Imaginary</marc:subfield>
			<marc:subfield code="v">Early works to 1800.</marc:subfield>
		</marc:datafield>
		<marc:datafield ind1=" " ind2="4" tag="650">
			<marc:subfield code="a">CHR 1819</marc:subfield>
		</marc:datafield>
		<marc:datafield ind1="2" ind2=" " tag="710">
			<marc:subfield code="a">Early Novels</marc:subfield>
			<marc:subfield code="5">University of Pennsylvania</marc:subfield>
		</marc:datafield>
		<marc:datafield ind1="2" ind2=" " tag="710">
			<marc:subfield code="a">Collection of British and American Fiction, 1660-1830 (University of Pennsylvania)</marc:subfield>
			<marc:subfield code="9">University of Pennsylvania</marc:subfield>
		</marc:datafield>
		<marc:datafield ind1="0" ind2=" " tag="852">
			<marc:subfield code="b">scteer</marc:subfield>
			<marc:subfield code="h">PR3724</marc:subfield>
			<marc:subfield code="i">.G7 1819</marc:subfield>
			<marc:subfield code="x">56T-519</marc:subfield>
			<marc:subfield code="x">recl. fr. EC7.Sw555.726t.1819</marc:subfield>
		</marc:datafield>
	</marc:record>