
	<marc:record>
		<marc:leader>01880cam a2200421 a 4500</marc:leader>
		<marc:controlfield tag="001">260990</marc:controlfield>
		<marc:controlfield tag="005">20130321162521.0</marc:controlfield>
		<marc:controlfield tag="008">830329s1819    mau    j      000 0 eng c</marc:controlfield>
		<marc:datafield ind1=" " ind2=" " tag="010">
			<marc:subfield code="a">97182768</marc:subfield>
		</marc:datafield>
		<marc:datafield ind1=" " ind2=" " tag="035">
			<marc:subfield code="a">(PUVoyagerBIBID)3163856</marc:subfield>
		</marc:datafield>
		<marc:datafield ind1=" " ind2=" " tag="035">
			<marc:subfield code="a">(CStRLIN)CTYAFJD1770-B</marc:subfield>
		</marc:datafield>
		<marc:datafield ind1=" " ind2=" " tag="035">
			<marc:subfield code="a">(MediadbVoyBIBID)260990</marc:subfield>
		</marc:datafield>
		<marc:datafield ind1=" " ind2=" " tag="035">
			<marc:subfield code="a">(END)ps991_a1_f35_1827</marc:subfield>
		</marc:datafield>
		<marc:datafield ind1=" " ind2=" " tag="040">
			<marc:subfield code="a">CtY-BR</marc:subfield>
			<marc:subfield code="c">CtY-BR</marc:subfield>
			<marc:subfield code="d">PU</marc:subfield>
			<marc:subfield code="e">dcrb</marc:subfield>
		</marc:datafield>
		<marc:datafield ind1=" " ind2=" " tag="042">
			<marc:subfield code="a">pcc</marc:subfield>
		</marc:datafield>
		<marc:datafield ind1="0" ind2="0" tag="050">
			<marc:subfield code="a">PZ6.C152</marc:subfield>
			<marc:subfield code="b">Wo 1819</marc:subfield>
		</marc:datafield>
		<marc:datafield ind1="1" ind2=" " tag="100">
			<marc:subfield code="a">Campbell, John</marc:subfield>
			<marc:subfield code="d">1766-1840.</marc:subfield>
		</marc:datafield>
		<marc:datafield ind1="1" ind2="0" tag="245">
			<marc:subfield code="a">Worlds displayed, for the benefit of young people, by a familiar history of some of their inhabitants.</marc:subfield>
		</marc:datafield>
		<marc:datafield ind1=" " ind2=" " tag="260">
			<marc:subfield code="a">Boston :</marc:subfield>
			<marc:subfield code="b">Printed and published by Lincoln &amp; Edmands, sold at their Bible Warehouse and Theological &amp; Miscellaneous Bookstore ...,</marc:subfield>
			<marc:subfield code="c">1819.</marc:subfield>
			<marc:subfield code="a">[Boston]</marc:subfield>
		</marc:datafield>
		<marc:datafield ind1=" " ind2=" " tag="300">
			<marc:subfield code="a">52, [2] p. :</marc:subfield>
			<marc:subfield code="b">ill. ;</marc:subfield>
			<marc:subfield code="c">15 cm.</marc:subfield>
			<marc:subfield code="a">[1 v.]</marc:subfield>
		</marc:datafield>
		<marc:datafield ind1=" " ind2=" " tag="500">
			<marc:subfield code="a">Preface signed: John Campbell.</marc:subfield>
		</marc:datafield>
		<marc:datafield ind1="4" ind2=" " tag="510">
			<marc:subfield code="a">Shaw &amp; Shoemaker,</marc:subfield>
			<marc:subfield code="c">47500</marc:subfield>
		</marc:datafield>
		<marc:datafield ind1="4" ind2=" " tag="510">
			<marc:subfield code="a">Shaw &amp; Shoemaker</marc:subfield>
			<marc:subfield code="c">50172</marc:subfield>
		</marc:datafield>
		<marc:datafield ind1="4" ind2=" " tag="510">
			<marc:subfield code="a">Welch, d\\\'A. A.  Amer. children\\\'s books,</marc:subfield>
			<marc:subfield code="c">154.13</marc:subfield>
		</marc:datafield>
		<marc:datafield ind1=" " ind2=" " tag="590">
			<marc:subfield code="a">With: The faithful little girl.  Boston : Munroe and Francis ..., [1827?].  [Item 4 of 10.]</marc:subfield>
		</marc:datafield>
		<marc:datafield ind1=" " ind2=" " tag="590">
			<marc:subfield code="a">Imperfect: first (p. [1]-[2]) and last leaves wanting.</marc:subfield>
		</marc:datafield>
		<marc:datafield ind1=" " ind2="0" tag="650">
			<marc:subfield code="a">Parables</marc:subfield>
			<marc:subfield code="v">Juvenile literature.</marc:subfield>
		</marc:datafield>
		<marc:datafield ind1=" " ind2="0" tag="650">
			<marc:subfield code="a">Conduct of life</marc:subfield>
			<marc:subfield code="v">Juvenile literature.</marc:subfield>
		</marc:datafield>
		<marc:datafield ind1=" " ind2="0" tag="650">
			<marc:subfield code="a">Future life</marc:subfield>
			<marc:subfield code="v">Juvenile literature.</marc:subfield>
		</marc:datafield>
		<marc:datafield ind1=" " ind2="0" tag="650">
			<marc:subfield code="a">Youth</marc:subfield>
			<marc:subfield code="x">Conduct of life</marc:subfield>
			<marc:subfield code="v">Juvenile literature.</marc:subfield>
		</marc:datafield>
		<marc:datafield ind1=" " ind2="4" tag="650">
			<marc:subfield code="a">CHR 1819</marc:subfield>
		</marc:datafield>
		<marc:datafield ind1=" " ind2="7" tag="656">
			<marc:subfield code="a">Chapbooks</marc:subfield>
			<marc:subfield code="z">Massachusetts</marc:subfield>
			<marc:subfield code="z">Boston</marc:subfield>
			<marc:subfield code="y">19th century.</marc:subfield>
			<marc:subfield code="2">rbgenr</marc:subfield>
		</marc:datafield>
		<marc:datafield ind1="2" ind2=" " tag="710">
			<marc:subfield code="a">Early Novels</marc:subfield>
			<marc:subfield code="5">University of Pennsylvania</marc:subfield>
		</marc:datafield>
		<marc:datafield ind1="2" ind2=" " tag="710">
			<marc:subfield code="a">Lincoln &amp; Edmands,</marc:subfield>
			<marc:subfield code="e">printer.</marc:subfield>
		</marc:datafield>
		<marc:datafield ind1="2" ind2=" " tag="710">
			<marc:subfield code="a">Collection of British and American Fiction, 1660-1830 (University of Pennsylvania)</marc:subfield>
			<marc:subfield code="9">University of Pennsylvania</marc:subfield>
		</marc:datafield>
		<marc:datafield ind1=" " ind2=" " tag="752">
			<marc:subfield code="a">United States</marc:subfield>
			<marc:subfield code="b">Massachusetts</marc:subfield>
			<marc:subfield code="d">Boston.</marc:subfield>
		</marc:datafield>
		<marc:datafield ind1="0" ind2=" " tag="852">
			<marc:subfield code="b">scrare</marc:subfield>
			<marc:subfield code="h">PS991.A1</marc:subfield>
			<marc:subfield code="i">F35 1827</marc:subfield>
			<marc:subfield code="x">551731</marc:subfield>
			<marc:subfield code="x">Auction pur. fd.</marc:subfield>
			<marc:subfield code="x">Recl. &amp; tr. fr. VPL/259/R277/vol. 2</marc:subfield>
		</marc:datafield>
		<marc:datafield ind1=" " ind2=" " tag="998">
			<marc:subfield code="s">9115</marc:subfield>
		</marc:datafield>
	</marc:record>