
	<marc:record>
		<marc:leader>01585cam a2200373 a 4500</marc:leader>
		<marc:controlfield tag="001">260991</marc:controlfield>
		<marc:controlfield tag="005">20130228153119.0</marc:controlfield>
		<marc:controlfield tag="008">020221m18101819nyua   j      000 1 eng c</marc:controlfield>
		<marc:datafield ind1=" " ind2=" " tag="035">
			<marc:subfield code="a">(PUVoyagerBIBID)3164650</marc:subfield>
		</marc:datafield>
		<marc:datafield ind1=" " ind2=" " tag="035">
			<marc:subfield code="a">(MediadbVoyBIBID)260991</marc:subfield>
		</marc:datafield>
		<marc:datafield ind1=" " ind2=" " tag="035">
			<marc:subfield code="a">(END)ps991_a1_f35_1827</marc:subfield>
		</marc:datafield>
		<marc:datafield ind1=" " ind2=" " tag="040">
			<marc:subfield code="a">PU</marc:subfield>
			<marc:subfield code="c">PU</marc:subfield>
			<marc:subfield code="e">dcrb</marc:subfield>
		</marc:datafield>
		<marc:datafield ind1=" " ind2=" " tag="042">
			<marc:subfield code="a">pcc</marc:subfield>
		</marc:datafield>
		<marc:datafield ind1=" " ind2="4" tag="050">
			<marc:subfield code="a">PS991.A1</marc:subfield>
			<marc:subfield code="b">H57 1810z</marc:subfield>
		</marc:datafield>
		<marc:datafield ind1="0" ind2="4" tag="245">
			<marc:subfield code="a">The history of Jacob Newman, the shipwrecked Irish boy.</marc:subfield>
		</marc:datafield>
		<marc:datafield ind1="3" ind2="0" tag="246">
			<marc:subfield code="a">Jacob Newman</marc:subfield>
		</marc:datafield>
		<marc:datafield ind1=" " ind2=" " tag="260">
			<marc:subfield code="a">[New York] :</marc:subfield>
			<marc:subfield code="b">Published by the New-York Religious Tract Society :</marc:subfield>
			<marc:subfield code="b">D. Fanshaw, printer ...,</marc:subfield>
			<marc:subfield code="c">[181-?]</marc:subfield>
			<marc:subfield code="a">[New York]</marc:subfield>
		</marc:datafield>
		<marc:datafield ind1=" " ind2=" " tag="300">
			<marc:subfield code="a">36 p. ;</marc:subfield>
			<marc:subfield code="b">ill. ;</marc:subfield>
			<marc:subfield code="c">15 cm. (12mo)</marc:subfield>
			<marc:subfield code="a">[1 v.]</marc:subfield>
		</marc:datafield>
		<marc:datafield ind1=" " ind2=" " tag="500">
			<marc:subfield code="a">Published anonymously.</marc:subfield>
		</marc:datafield>
		<marc:datafield ind1=" " ind2=" " tag="500">
			<marc:subfield code="a">Date of publication from Shaw &amp; Shoemaker.</marc:subfield>
		</marc:datafield>
		<marc:datafield ind1=" " ind2=" " tag="500">
			<marc:subfield code="a">Hymns on p. 33-36.</marc:subfield>
		</marc:datafield>
		<marc:datafield ind1="4" ind2=" " tag="510">
			<marc:subfield code="a">Shaw &amp; Shoemaker</marc:subfield>
			<marc:subfield code="c">20342</marc:subfield>
		</marc:datafield>
		<marc:datafield ind1=" " ind2=" " tag="590">
			<marc:subfield code="a">With: The faithful little girl.  Boston : Munroe and Francis ..., [1827?].  [Item 8 of 10.]</marc:subfield>
		</marc:datafield>
		<marc:datafield ind1=" " ind2="0" tag="650">
			<marc:subfield code="a">Sunday school literature.</marc:subfield>
		</marc:datafield>
		<marc:datafield ind1=" " ind2="0" tag="650">
			<marc:subfield code="a">Irish</marc:subfield>
			<marc:subfield code="v">Juvenile fiction.</marc:subfield>
		</marc:datafield>
		<marc:datafield ind1=" " ind2="0" tag="650">
			<marc:subfield code="a">Christian literature for children.</marc:subfield>
		</marc:datafield>
		<marc:datafield ind1=" " ind2="4" tag="650">
			<marc:subfield code="a">CHR 181-?</marc:subfield>
		</marc:datafield>
		<marc:datafield ind1=" " ind2="7" tag="656">
			<marc:subfield code="a">Chapbooks</marc:subfield>
			<marc:subfield code="z">New York</marc:subfield>
			<marc:subfield code="z">New York</marc:subfield>
			<marc:subfield code="y">19th century.</marc:subfield>
			<marc:subfield code="2">rbgenr</marc:subfield>
		</marc:datafield>
		<marc:datafield ind1="1" ind2=" " tag="700">
			<marc:subfield code="a">Fanshaw, Daniel,</marc:subfield>
			<marc:subfield code="d">1788?-1860,</marc:subfield>
			<marc:subfield code="e">printer.</marc:subfield>
		</marc:datafield>
		<marc:datafield ind1="2" ind2=" " tag="710">
			<marc:subfield code="a">Early Novels</marc:subfield>
			<marc:subfield code="5">University of Pennsylvania</marc:subfield>
		</marc:datafield>
		<marc:datafield ind1="2" ind2=" " tag="710">
			<marc:subfield code="a">New York Religious Tract Society,</marc:subfield>
			<marc:subfield code="e">publisher.</marc:subfield>
		</marc:datafield>
		<marc:datafield ind1="2" ind2=" " tag="710">
			<marc:subfield code="a">Collection of British and American Fiction, 1660-1830 (University of Pennsylvania)</marc:subfield>
			<marc:subfield code="9">University of Pennsylvania</marc:subfield>
		</marc:datafield>
		<marc:datafield ind1=" " ind2=" " tag="752">
			<marc:subfield code="a">United States</marc:subfield>
			<marc:subfield code="b">New York</marc:subfield>
			<marc:subfield code="d">New York.</marc:subfield>
		</marc:datafield>
		<marc:datafield ind1="0" ind2=" " tag="852">
			<marc:subfield code="b">scrare</marc:subfield>
			<marc:subfield code="h">PS991.A1</marc:subfield>
			<marc:subfield code="i">F35 1827</marc:subfield>
			<marc:subfield code="x">551731</marc:subfield>
			<marc:subfield code="x">Auction pur. fd.</marc:subfield>
			<marc:subfield code="x">Recl. &amp; tr. fr. VPL/259/R277/vol. 2</marc:subfield>
		</marc:datafield>
	</marc:record>