
	<marc:record>
		<marc:leader>02180cam a2200385 a 4500</marc:leader>
		<marc:controlfield tag="001">261002</marc:controlfield>
		<marc:controlfield tag="005">20130321151554.0</marc:controlfield>
		<marc:controlfield tag="008">020617s1742    enk           000 1 eng d</marc:controlfield>
		<marc:datafield ind1=" " ind2=" " tag="035">
			<marc:subfield code="a">(PUVoyagerBIBID)3219954</marc:subfield>
		</marc:datafield>
		<marc:datafield ind1=" " ind2=" " tag="035">
			<marc:subfield code="a">(END)rbc_ pr3724_g7_1742</marc:subfield>
		</marc:datafield>
		<marc:datafield ind1=" " ind2=" " tag="035">
			<marc:subfield code="a">(MediadbVoyBIBID)261002</marc:subfield>
		</marc:datafield>
		<marc:datafield ind1=" " ind2=" " tag="040">
			<marc:subfield code="a">MUS</marc:subfield>
			<marc:subfield code="c">MUS</marc:subfield>
			<marc:subfield code="d">OCLCQ</marc:subfield>
			<marc:subfield code="d">PU</marc:subfield>
		</marc:datafield>
		<marc:datafield ind1=" " ind2="4" tag="050">
			<marc:subfield code="a">PR3724</marc:subfield>
			<marc:subfield code="b">.G7 1742</marc:subfield>
		</marc:datafield>
		<marc:datafield ind1="1" ind2=" " tag="100">
			<marc:subfield code="a">Swift, Jonathan</marc:subfield>
			<marc:subfield code="d">1667-1745.</marc:subfield>
		</marc:datafield>
		<marc:datafield ind1="1" ind2="0" tag="240">
			<marc:subfield code="a">Gulliver\\\'s travels</marc:subfield>
		</marc:datafield>
		<marc:datafield ind1="1" ind2="0" tag="245">
			<marc:subfield code="a">Travels into several remote nations of the world :</marc:subfield>
			<marc:subfield code="b">in four parts /</marc:subfield>
			<marc:subfield code="c">by Lemuel Gulliver, first a surgeon, and then a captain of several ships.</marc:subfield>
		</marc:datafield>
		<marc:datafield ind1=" " ind2=" " tag="246">
			<marc:subfield code="a">Travels into several remote nations of the world. In four parts. By Lemuel Gulliver, first a surgeon, and then a captain of several ships.</marc:subfield>
			<marc:subfield code="g">Full</marc:subfield>
			<marc:subfield code="x">Main</marc:subfield>
			<marc:subfield code="d">Letter-press</marc:subfield>
			<marc:subfield code="v">v.1</marc:subfield>
		</marc:datafield>
		<marc:datafield ind1=" " ind2=" " tag="250">
			<marc:subfield code="a">Fourth edition, corrected.</marc:subfield>
			<marc:subfield code="b">Fourth edition.</marc:subfield>
		</marc:datafield>
		<marc:datafield ind1=" " ind2=" " tag="260">
			<marc:subfield code="a">London :</marc:subfield>
			<marc:subfield code="b">Printed for Charles Bathurst, at the Cross-Keys in Fleet-Street,</marc:subfield>
			<marc:subfield code="c">1742.</marc:subfield>
			<marc:subfield code="a">[London]</marc:subfield>
		</marc:datafield>
		<marc:datafield ind1=" " ind2=" " tag="300">
			<marc:subfield code="a">[10], 351, [1] p., [6] leaves of plates :</marc:subfield>
			<marc:subfield code="b">maps, plans ;</marc:subfield>
			<marc:subfield code="c">17 cm. (8vo)</marc:subfield>
			<marc:subfield code="a">[1 v.]</marc:subfield>
		</marc:datafield>
		<marc:datafield ind1=" " ind2=" " tag="500">
			<marc:subfield code="a">Lemuel Gulliver = Jonathan Swift.</marc:subfield>
		</marc:datafield>
		<marc:datafield ind1=" " ind2=" " tag="500">
			<marc:subfield code="a">Title page printed in red and black.</marc:subfield>
		</marc:datafield>
		<marc:datafield ind1=" " ind2=" " tag="500">
			<marc:subfield code="a">Also issued as vol. 13 of the Bathurst edition of Swift\\\'s works, issued in 1742, but also including volumes dated 1743, 1745, and 1746.</marc:subfield>
		</marc:datafield>
		<marc:datafield ind1="0" ind2=" " tag="505">
			<marc:subfield code="a">Pt. I. A voyage to Lilliput. -- Pt. II. A voyage to Brobdingnag. -- Pt. III. A voyage to Laputa, Balnibarbi, Glubbdubdrib, Luggnagg and Japan. -- Pt. IV. A voyage to the country of the Houyhnhnms.</marc:subfield>
		</marc:datafield>
		<marc:datafield ind1="4" ind2=" " tag="510">
			<marc:subfield code="a">Teerink-Scouten</marc:subfield>
			<marc:subfield code="c">66</marc:subfield>
		</marc:datafield>
		<marc:datafield ind1="4" ind2=" " tag="510">
			<marc:subfield code="a">ESTC</marc:subfield>
			<marc:subfield code="c">t141341</marc:subfield>
		</marc:datafield>
		<marc:datafield ind1="4" ind2=" " tag="510">
			<marc:subfield code="a">Beasley, J.C.  Prose fiction pub. in England, 1740-1749,</marc:subfield>
			<marc:subfield code="c">97</marc:subfield>
		</marc:datafield>
		<marc:datafield ind1=" " ind2=" " tag="590">
			<marc:subfield code="a">Has added half-title: Works of Dr. Swift. Tome II.--see Teerink, p.75.</marc:subfield>
		</marc:datafield>
		<marc:datafield ind1=" " ind2="0" tag="650">
			<marc:subfield code="a">Voyages, Imaginary</marc:subfield>
			<marc:subfield code="v">Early works to 1800.</marc:subfield>
		</marc:datafield>
		<marc:datafield ind1=" " ind2="4" tag="650">
			<marc:subfield code="a">CHR 1742</marc:subfield>
		</marc:datafield>
		<marc:datafield ind1="1" ind2="2" tag="700">
			<marc:subfield code="a">Swift, Jonathan,</marc:subfield>
			<marc:subfield code="d">1667-1745.</marc:subfield>
			<marc:subfield code="t">Miscellanies.</marc:subfield>
		</marc:datafield>
		<marc:datafield ind1="2" ind2=" " tag="710">
			<marc:subfield code="a">Early Novels</marc:subfield>
			<marc:subfield code="5">University of Pennsylvania</marc:subfield>
		</marc:datafield>
		<marc:datafield ind1="2" ind2=" " tag="710">
			<marc:subfield code="a">Collection of British and American Fiction, 1660-1830 (University of Pennsylvania)</marc:subfield>
			<marc:subfield code="9">University of Pennsylvania</marc:subfield>
		</marc:datafield>
		<marc:datafield ind1="0" ind2=" " tag="852">
			<marc:subfield code="b">scteer</marc:subfield>
			<marc:subfield code="h">PR3724</marc:subfield>
			<marc:subfield code="i">.G7 1742</marc:subfield>
			<marc:subfield code="x">g. anon.</marc:subfield>
			<marc:subfield code="x">recl. fr. EC7.Sw555.B742mb v.13</marc:subfield>
		</marc:datafield>
		<marc:datafield ind1=" " ind2=" " tag="999">
			<marc:subfield code="a">SR</marc:subfield>
			<marc:subfield code="b">11/21/11</marc:subfield>
			<marc:subfield code="c">Penn</marc:subfield>
			<marc:subfield code="x">title derived from record</marc:subfield>
		</marc:datafield>
	</marc:record>