
	<marc:record>
		<marc:leader>01900cam a2200349 i 4500</marc:leader>
		<marc:controlfield tag="001">261004</marc:controlfield>
		<marc:controlfield tag="005">20130301161229.0</marc:controlfield>
		<marc:controlfield tag="008">950503s1816    mauaf         000 0 eng d</marc:controlfield>
		<marc:datafield ind1=" " ind2=" " tag="035">
			<marc:subfield code="a">(PUVoyagerBIBID)3229052</marc:subfield>
		</marc:datafield>
		<marc:datafield ind1=" " ind2=" " tag="035">
			<marc:subfield code="a">(RLG)MAHGBBP35560-B</marc:subfield>
		</marc:datafield>
		<marc:datafield ind1=" " ind2=" " tag="035">
			<marc:subfield code="a">(MediadbVoyBIBID)261004</marc:subfield>
		</marc:datafield>
		<marc:datafield ind1=" " ind2=" " tag="035">
			<marc:subfield code="a">(END)sm_aC8_w2923_816jb</marc:subfield>
		</marc:datafield>
		<marc:datafield ind1=" " ind2=" " tag="040">
			<marc:subfield code="a">MBCo</marc:subfield>
			<marc:subfield code="c">MBCo</marc:subfield>
			<marc:subfield code="d">CStRLIN</marc:subfield>
			<marc:subfield code="d">PU</marc:subfield>
		</marc:datafield>
		<marc:datafield ind1=" " ind2="4" tag="050">
			<marc:subfield code="a">E362</marc:subfield>
			<marc:subfield code="b">.W29 1816</marc:subfield>
		</marc:datafield>
		<marc:datafield ind1="1" ind2=" " tag="100">
			<marc:subfield code="a">Waterhouse, Benjamin</marc:subfield>
			<marc:subfield code="d">1754-1846.</marc:subfield>
		</marc:datafield>
		<marc:datafield ind1="1" ind2="2" tag="245">
			<marc:subfield code="a">A journal of a young man of Massachusetts :</marc:subfield>
			<marc:subfield code="b">late a surgeon on board an American privateer, who was captured at sea by the British, in May, eighteen hundred and thirteen, and was confined first, at Melville island, Halifax, then at Chatham, in England, and last, at Dartmoor prison : interspersed with observations, anecdotes and remarks, tending to illustrate the moral and political characters of three nations : to which is added, a correct engraving of Dartmoor prison, representing the massacre of American prisoners /</marc:subfield>
			<marc:subfield code="c">written by himself.</marc:subfield>
		</marc:datafield>
		<marc:datafield ind1=" " ind2=" " tag="250">
			<marc:subfield code="a">The second edition, with considerable additions and improvements.</marc:subfield>
			<marc:subfield code="b">Second Edition.</marc:subfield>
		</marc:datafield>
		<marc:datafield ind1=" " ind2=" " tag="260">
			<marc:subfield code="a">Boston</marc:subfield>
			<marc:subfield code="b">Printed by Rowe and Hooper,</marc:subfield>
			<marc:subfield code="c">1816.</marc:subfield>
			<marc:subfield code="a">[Boston]</marc:subfield>
		</marc:datafield>
		<marc:datafield ind1=" " ind2=" " tag="300">
			<marc:subfield code="a">240 p., [1] leaf of plates (fold.) ;</marc:subfield>
			<marc:subfield code="b">ill. ;</marc:subfield>
			<marc:subfield code="c">18 cm.</marc:subfield>
			<marc:subfield code="a">[1 v.]</marc:subfield>
		</marc:datafield>
		<marc:datafield ind1="4" ind2=" " tag="510">
			<marc:subfield code="a">Shaw &amp; Shoemaker:</marc:subfield>
			<marc:subfield code="c">39720</marc:subfield>
		</marc:datafield>
		<marc:datafield ind1="4" ind2=" " tag="510">
			<marc:subfield code="a">Wright,</marc:subfield>
			<marc:subfield code="c">2674</marc:subfield>
		</marc:datafield>
		<marc:datafield ind1="4" ind2=" " tag="510">
			<marc:subfield code="a">Sabin,</marc:subfield>
			<marc:subfield code="c">102060</marc:subfield>
		</marc:datafield>
		<marc:datafield ind1="2" ind2="0" tag="610">
			<marc:subfield code="a">Dartmoor Prison.</marc:subfield>
		</marc:datafield>
		<marc:datafield ind1=" " ind2="4" tag="650">
			<marc:subfield code="a">CHR 1816</marc:subfield>
		</marc:datafield>
		<marc:datafield ind1=" " ind2="4" tag="650">
			<marc:subfield code="a">PRO Dechert, Robert (donor)</marc:subfield>
		</marc:datafield>
		<marc:datafield ind1=" " ind2="4" tag="650">
			<marc:subfield code="a">PRO Wilson, Helen Godey (bookplate)</marc:subfield>
		</marc:datafield>
		<marc:datafield ind1=" " ind2="0" tag="651">
			<marc:subfield code="a">United States</marc:subfield>
			<marc:subfield code="x">History</marc:subfield>
			<marc:subfield code="y">War of 1812</marc:subfield>
			<marc:subfield code="x">Prisoners and prisons.</marc:subfield>
		</marc:datafield>
		<marc:datafield ind1="2" ind2=" " tag="710">
			<marc:subfield code="a">Early Novels</marc:subfield>
			<marc:subfield code="5">University of Pennsylvania</marc:subfield>
		</marc:datafield>
		<marc:datafield ind1="2" ind2=" " tag="710">
			<marc:subfield code="a">Collection of British and American Fiction, 1660-1830 (University of Pennsylvania)</marc:subfield>
			<marc:subfield code="9">University of Pennsylvania</marc:subfield>
		</marc:datafield>
		<marc:datafield ind1="2" ind2=" " tag="710">
			<marc:subfield code="a">Dechert Collection (University of Pennsylvania)</marc:subfield>
			<marc:subfield code="9">University of Pennsylvania</marc:subfield>
		</marc:datafield>
		<marc:datafield ind1="8" ind2=" " tag="852">
			<marc:subfield code="b">scdech</marc:subfield>
			<marc:subfield code="h">AC8</marc:subfield>
			<marc:subfield code="i">W2923 816jb</marc:subfield>
		</marc:datafield>
		<marc:datafield ind1=" " ind2=" " tag="949">
			<marc:subfield code="l">scdech</marc:subfield>
			<marc:subfield code="h">AC8</marc:subfield>
			<marc:subfield code="i">W2923 816jb</marc:subfield>
		</marc:datafield>
	</marc:record>