
	<marc:record>
		<marc:leader>01018cam a2200277 a 4500</marc:leader>
		<marc:controlfield tag="001">261006</marc:controlfield>
		<marc:controlfield tag="005">20130319202542.0</marc:controlfield>
		<marc:controlfield tag="008">021003s1817    enk           000 1 eng d</marc:controlfield>
		<marc:datafield ind1=" " ind2=" " tag="035">
			<marc:subfield code="a">(PUVoyagerBIBID)3277104</marc:subfield>
		</marc:datafield>
		<marc:datafield ind1=" " ind2=" " tag="035">
			<marc:subfield code="a">(MediadbVoyBIBID)261006</marc:subfield>
		</marc:datafield>
		<marc:datafield ind1=" " ind2=" " tag="035">
			<marc:subfield code="a">(END)hx811_1817_e7_1817</marc:subfield>
		</marc:datafield>
		<marc:datafield ind1=" " ind2=" " tag="040">
			<marc:subfield code="a">PU</marc:subfield>
			<marc:subfield code="c">PU</marc:subfield>
		</marc:datafield>
		<marc:datafield ind1=" " ind2="4" tag="050">
			<marc:subfield code="a">HX811 1817</marc:subfield>
			<marc:subfield code="b">E7 1817</marc:subfield>
		</marc:datafield>
		<marc:datafield ind1="1" ind2="0" tag="100">
			<marc:subfield code="a">Erskine, Thomas Erskine</marc:subfield>
			<marc:subfield code="c">Baron,</marc:subfield>
			<marc:subfield code="d">1750-1823.</marc:subfield>
		</marc:datafield>
		<marc:datafield ind1="1" ind2="4" tag="245">
			<marc:subfield code="a">The second part of Armata.</marc:subfield>
		</marc:datafield>
		<marc:datafield ind1=" " ind2=" " tag="250">
			<marc:subfield code="a">Fourth edition.</marc:subfield>
			<marc:subfield code="b">Fourth edition.</marc:subfield>
		</marc:datafield>
		<marc:datafield ind1=" " ind2=" " tag="260">
			<marc:subfield code="a">London :</marc:subfield>
			<marc:subfield code="b">J. Murray,</marc:subfield>
			<marc:subfield code="c">1817.</marc:subfield>
			<marc:subfield code="a">[London]</marc:subfield>
		</marc:datafield>
		<marc:datafield ind1=" " ind2=" " tag="300">
			<marc:subfield code="a">[2], viii, 209, [1] p. ;</marc:subfield>
			<marc:subfield code="c">221 cm.</marc:subfield>
			<marc:subfield code="a">[1 v.]</marc:subfield>
		</marc:datafield>
		<marc:datafield ind1="4" ind2=" " tag="510">
			<marc:subfield code="a">Halkett &amp; Laing (2nd ed.)</marc:subfield>
			<marc:subfield code="c">I,140 (note)</marc:subfield>
		</marc:datafield>
		<marc:datafield ind1=" " ind2=" " tag="590">
			<marc:subfield code="a">With: Armata. London : J. Murray, 1817.</marc:subfield>
		</marc:datafield>
		<marc:datafield ind1=" " ind2="0" tag="650">
			<marc:subfield code="a">Utopias.</marc:subfield>
		</marc:datafield>
		<marc:datafield ind1=" " ind2="4" tag="650">
			<marc:subfield code="a">CHR 1817</marc:subfield>
		</marc:datafield>
		<marc:datafield ind1="2" ind2=" " tag="710">
			<marc:subfield code="a">Early Novels</marc:subfield>
			<marc:subfield code="5">University of Pennsylvania</marc:subfield>
		</marc:datafield>
		<marc:datafield ind1="2" ind2=" " tag="710">
			<marc:subfield code="a">Collection of British and American Fiction, 1660-1830 (University of Pennsylvania)</marc:subfield>
			<marc:subfield code="9">University of Pennsylvania</marc:subfield>
		</marc:datafield>
		<marc:datafield ind1="0" ind2="2" tag="740">
			<marc:subfield code="a">Armata.</marc:subfield>
		</marc:datafield>
		<marc:datafield ind1="0" ind2=" " tag="852">
			<marc:subfield code="b">scrare</marc:subfield>
			<marc:subfield code="h">HX811 1817</marc:subfield>
			<marc:subfield code="i">E7 1817</marc:subfield>
			<marc:subfield code="x">411600</marc:subfield>
			<marc:subfield code="x">recl. fr. VPL 828 Er8.2a</marc:subfield>
		</marc:datafield>
	</marc:record>