
	<marc:record>
		<marc:leader>01611cam a2200349 a 4500</marc:leader>
		<marc:controlfield tag="001">261007</marc:controlfield>
		<marc:controlfield tag="005">20130221165544.0</marc:controlfield>
		<marc:controlfield tag="008">810410s1819    enkaf         000 1 eng d</marc:controlfield>
		<marc:datafield ind1=" " ind2=" " tag="035">
			<marc:subfield code="a">(PUVoyagerBIBID)3436667</marc:subfield>
		</marc:datafield>
		<marc:datafield ind1=" " ind2=" " tag="035">
			<marc:subfield code="a">(CStRLIN)MAHGAOQ35544-B</marc:subfield>
		</marc:datafield>
		<marc:datafield ind1=" " ind2=" " tag="035">
			<marc:subfield code="a">(MediadbVoyBIBID)261007</marc:subfield>
		</marc:datafield>
		<marc:datafield ind1=" " ind2=" " tag="035">
			<marc:subfield code="a">(END)sc55_c3379_eg819</marc:subfield>
		</marc:datafield>
		<marc:datafield ind1=" " ind2=" " tag="040">
			<marc:subfield code="a">IWW</marc:subfield>
			<marc:subfield code="c">IWW</marc:subfield>
			<marc:subfield code="d">*m/c*</marc:subfield>
			<marc:subfield code="d">MH-H</marc:subfield>
			<marc:subfield code="d">CStRLIN</marc:subfield>
			<marc:subfield code="d">PU</marc:subfield>
		</marc:datafield>
		<marc:datafield ind1="1" ind2=" " tag="041">
			<marc:subfield code="a">eng</marc:subfield>
			<marc:subfield code="h">spa</marc:subfield>
		</marc:datafield>
		<marc:datafield ind1="1" ind2=" " tag="100">
			<marc:subfield code="a">Cervantes Saavedra, Miguel de</marc:subfield>
			<marc:subfield code="d">1547-1616.</marc:subfield>
		</marc:datafield>
		<marc:datafield ind1="1" ind2="0" tag="240">
			<marc:subfield code="a">Don Quixote.</marc:subfield>
			<marc:subfield code="l">English.</marc:subfield>
		</marc:datafield>
		<marc:datafield ind1="1" ind2="0" tag="245">
			<marc:subfield code="a">Don Quixote de la Mancha /</marc:subfield>
			<marc:subfield code="c">translated from the original Spanish of Miguel de Cervantes Saavedra by Charles Jarvis ; embellished with twenty-four highly finished engravings, from drawings designed expressly for this edition.</marc:subfield>
		</marc:datafield>
		<marc:datafield ind1=" " ind2=" " tag="260">
			<marc:subfield code="a">London :</marc:subfield>
			<marc:subfield code="b">Printed for T. M\\\'Lean, bookseller and publisher,</marc:subfield>
			<marc:subfield code="c">1819.</marc:subfield>
			<marc:subfield code="a">[London]</marc:subfield>
		</marc:datafield>
		<marc:datafield ind1=" " ind2=" " tag="300">
			<marc:subfield code="a">4 v. :</marc:subfield>
			<marc:subfield code="b">col. ill. ;</marc:subfield>
			<marc:subfield code="c">22 cm.</marc:subfield>
			<marc:subfield code="a">[4 v.]</marc:subfield>
		</marc:datafield>
		<marc:datafield ind1=" " ind2=" " tag="500">
			<marc:subfield code="a">Translation into English of: Don Quixote.</marc:subfield>
		</marc:datafield>
		<marc:datafield ind1=" " ind2=" " tag="500">
			<marc:subfield code="a">Illustrated by John Clark; 17 of the plates are signed ""I.H. Clark del.""; the rest are unsigned."</marc:subfield>
		</marc:datafield>
		<marc:datafield ind1=" " ind2=" " tag="500">
			<marc:subfield code="a">There are two states of the plates: without publisher\\\'s name and with publisher\\\'s name.</marc:subfield>
		</marc:datafield>
		<marc:datafield ind1=" " ind2="4" tag="650">
			<marc:subfield code="a">CHR 1819</marc:subfield>
		</marc:datafield>
		<marc:datafield ind1=" " ind2="4" tag="650">
			<marc:subfield code="a">PRO Bonnell, Henry H. (autograph)</marc:subfield>
		</marc:datafield>
		<marc:datafield ind1="1" ind2=" " tag="700">
			<marc:subfield code="a">Jarvis, Charles,</marc:subfield>
			<marc:subfield code="d">1675?-1739.</marc:subfield>
		</marc:datafield>
		<marc:datafield ind1="1" ind2=" " tag="700">
			<marc:subfield code="a">Clark, John Heaviside,</marc:subfield>
			<marc:subfield code="d">ca. 1770-1863.</marc:subfield>
		</marc:datafield>
		<marc:datafield ind1="2" ind2=" " tag="710">
			<marc:subfield code="a">Early Novels</marc:subfield>
			<marc:subfield code="5">University of Pennsylvania</marc:subfield>
		</marc:datafield>
		<marc:datafield ind1="2" ind2=" " tag="710">
			<marc:subfield code="a">Collection of British and American Fiction, 1660-1830 (University of Pennsylvania)</marc:subfield>
			<marc:subfield code="9">University of Pennsylvania</marc:subfield>
		</marc:datafield>
		<marc:datafield ind1=" " ind2=" " tag="752">
			<marc:subfield code="a">England</marc:subfield>
			<marc:subfield code="d">London.</marc:subfield>
		</marc:datafield>
		<marc:datafield ind1="8" ind2=" " tag="852">
			<marc:subfield code="b">scrare</marc:subfield>
			<marc:subfield code="h">SC55</marc:subfield>
			<marc:subfield code="i">C3379 Eg819</marc:subfield>
		</marc:datafield>
		<marc:datafield ind1="4" ind2="1" tag="866">
			<marc:subfield code="8">0</marc:subfield>
			<marc:subfield code="a">v.1-4</marc:subfield>
		</marc:datafield>
		<marc:datafield ind1=" " ind2=" " tag="998">
			<marc:subfield code="s">9115</marc:subfield>
		</marc:datafield>
	</marc:record>