
	<marc:record>
		<marc:leader>01523cam a2200313 i 4500</marc:leader>
		<marc:controlfield tag="001">261011</marc:controlfield>
		<marc:controlfield tag="005">20130320174814.0</marc:controlfield>
		<marc:controlfield tag="008">030813s1812    pau           001 1 eng d</marc:controlfield>
		<marc:datafield ind1=" " ind2=" " tag="035">
			<marc:subfield code="a">(PUVoyagerBIBID)3452445</marc:subfield>
		</marc:datafield>
		<marc:datafield ind1=" " ind2=" " tag="035">
			<marc:subfield code="a">(MediadbVoyBIBID)261011</marc:subfield>
		</marc:datafield>
		<marc:datafield ind1=" " ind2=" " tag="035">
			<marc:subfield code="a">(END)ec8_as355_811s_1812</marc:subfield>
		</marc:datafield>
		<marc:datafield ind1=" " ind2=" " tag="040">
			<marc:subfield code="a">CSt</marc:subfield>
			<marc:subfield code="c">CSt</marc:subfield>
			<marc:subfield code="d">PU</marc:subfield>
		</marc:datafield>
		<marc:datafield ind1="1" ind2="0" tag="100">
			<marc:subfield code="a">Ashe, Thomas</marc:subfield>
			<marc:subfield code="d">1770-1835.</marc:subfield>
		</marc:datafield>
		<marc:datafield ind1="1" ind2="4" tag="245">
			<marc:subfield code="a">The spirit of The book, or, Memoirs of Caroline princess of Hasburgh :</marc:subfield>
			<marc:subfield code="b">a political and amatory romance : in one volume /</marc:subfield>
			<marc:subfield code="c">edited by Thomas Ashe.</marc:subfield>
		</marc:datafield>
		<marc:datafield ind1="3" ind2="0" tag="246">
			<marc:subfield code="a">Memoirs of Caroline princess of Hasburg</marc:subfield>
		</marc:datafield>
		<marc:datafield ind1=" " ind2=" " tag="250">
			<marc:subfield code="a">First American from the third London edition.</marc:subfield>
			<marc:subfield code="b">First edition.</marc:subfield>
		</marc:datafield>
		<marc:datafield ind1="0" ind2=" " tag="260">
			<marc:subfield code="a">Philadelphia :</marc:subfield>
			<marc:subfield code="b">Moses Thomas,</marc:subfield>
			<marc:subfield code="c">1812</marc:subfield>
			<marc:subfield code="e">(Philadelphia :</marc:subfield>
			<marc:subfield code="f">B. Graves)</marc:subfield>
			<marc:subfield code="a">[Philadelphia]</marc:subfield>
		</marc:datafield>
		<marc:datafield ind1=" " ind2=" " tag="300">
			<marc:subfield code="a">364, [2] p. ;</marc:subfield>
			<marc:subfield code="c">18 cm.</marc:subfield>
			<marc:subfield code="a">[1 v.]</marc:subfield>
		</marc:datafield>
		<marc:datafield ind1=" " ind2=" " tag="500">
			<marc:subfield code="a">Published as a reply to a suppressed book entitled ""The delicate investigation."" Cf. the Preface."</marc:subfield>
		</marc:datafield>
		<marc:datafield ind1=" " ind2=" " tag="500">
			<marc:subfield code="a">""B. Graves, printer, no. 40, North Fourth-Street, Philadelphia.""--colophon, p. 364."</marc:subfield>
		</marc:datafield>
		<marc:datafield ind1=" " ind2=" " tag="500">
			<marc:subfield code="a">Includes index.</marc:subfield>
		</marc:datafield>
		<marc:datafield ind1="4" ind2=" " tag="510">
			<marc:subfield code="a">Shaw &amp; Shoemaker,</marc:subfield>
			<marc:subfield code="c">24637.</marc:subfield>
		</marc:datafield>
		<marc:datafield ind1="4" ind2=" " tag="510">
			<marc:subfield code="a">English fiction, 1770-1829,</marc:subfield>
			<marc:subfield code="c">1811:15</marc:subfield>
		</marc:datafield>
		<marc:datafield ind1="0" ind2="0" tag="600">
			<marc:subfield code="a">Caroline Amelia Elizabeth,</marc:subfield>
			<marc:subfield code="c">Queen, consort of George IV, King of Great Britain,</marc:subfield>
			<marc:subfield code="d">1768-1821</marc:subfield>
			<marc:subfield code="v">Fiction.</marc:subfield>
		</marc:datafield>
		<marc:datafield ind1=" " ind2="4" tag="650">
			<marc:subfield code="a">CHR 1812</marc:subfield>
		</marc:datafield>
		<marc:datafield ind1="1" ind2=" " tag="700">
			<marc:subfield code="a">Ashe, Thomas,</marc:subfield>
			<marc:subfield code="d">1770-1835.</marc:subfield>
		</marc:datafield>
		<marc:datafield ind1="2" ind2=" " tag="710">
			<marc:subfield code="a">Early Novels</marc:subfield>
			<marc:subfield code="5">University of Pennsylvania</marc:subfield>
		</marc:datafield>
		<marc:datafield ind1="2" ind2=" " tag="710">
			<marc:subfield code="a">Collection of British and American Fiction, 1660-1830 (University of Pennsylvania)</marc:subfield>
			<marc:subfield code="9">University of Pennsylvania</marc:subfield>
		</marc:datafield>
		<marc:datafield ind1="8" ind2=" " tag="852">
			<marc:subfield code="b">scrare</marc:subfield>
			<marc:subfield code="h">EC8</marc:subfield>
			<marc:subfield code="i">As355 811s 1812</marc:subfield>
			<marc:subfield code="x">46-8</marc:subfield>
		</marc:datafield>
	</marc:record>