
	<marc:record>
		<marc:leader>01066cam a2200277 i 4500</marc:leader>
		<marc:controlfield tag="001">261012</marc:controlfield>
		<marc:controlfield tag="005">20111103115649.0</marc:controlfield>
		<marc:controlfield tag="008">770617s1818    enk           000 1 eng d</marc:controlfield>
		<marc:datafield ind1=" " ind2=" " tag="035">
			<marc:subfield code="a">(PUVoyagerBIBID)3453087</marc:subfield>
		</marc:datafield>
		<marc:datafield ind1=" " ind2=" " tag="035">
			<marc:subfield code="a">(MediadbVoyBIBID)261012</marc:subfield>
		</marc:datafield>
		<marc:datafield ind1=" " ind2=" " tag="035">
			<marc:subfield code="a">(END)ec8_m8238_818f</marc:subfield>
		</marc:datafield>
		<marc:datafield ind1=" " ind2=" " tag="040">
			<marc:subfield code="a">MH</marc:subfield>
			<marc:subfield code="c">FDA</marc:subfield>
			<marc:subfield code="d">FDA</marc:subfield>
			<marc:subfield code="d">PU</marc:subfield>
		</marc:datafield>
		<marc:datafield ind1="1" ind2=" " tag="100">
			<marc:subfield code="a">Morgan</marc:subfield>
			<marc:subfield code="c">Lady</marc:subfield>
			<marc:subfield code="q">(Sydney),</marc:subfield>
			<marc:subfield code="d">1783-1859.</marc:subfield>
		</marc:datafield>
		<marc:datafield ind1="1" ind2="0" tag="245">
			<marc:subfield code="a">Florence Macarthy :</marc:subfield>
			<marc:subfield code="b">an Irish tale /</marc:subfield>
			<marc:subfield code="c">by Lady Morgan.</marc:subfield>
		</marc:datafield>
		<marc:datafield ind1=" " ind2=" " tag="260">
			<marc:subfield code="a">London :</marc:subfield>
			<marc:subfield code="b">Printed for Henry Colburn,</marc:subfield>
			<marc:subfield code="c">1818.</marc:subfield>
			<marc:subfield code="a">[London]</marc:subfield>
		</marc:datafield>
		<marc:datafield ind1=" " ind2=" " tag="300">
			<marc:subfield code="a">4 v. ;</marc:subfield>
			<marc:subfield code="c">19 cm.</marc:subfield>
			<marc:subfield code="a">[4 v.]</marc:subfield>
		</marc:datafield>
		<marc:datafield ind1=" " ind2=" " tag="500">
			<marc:subfield code="a">""Advertisement"" signed by T. C. M., i.e. Sir T. C. Morgan."</marc:subfield>
		</marc:datafield>
		<marc:datafield ind1="4" ind2=" " tag="510">
			<marc:subfield code="a">English novel, 1770-1829,</marc:subfield>
			<marc:subfield code="c">1818:44</marc:subfield>
		</marc:datafield>
		<marc:datafield ind1="4" ind2=" " tag="510">
			<marc:subfield code="a">Block, A. Engl. novel (1961 ed.),</marc:subfield>
			<marc:subfield code="c">p. 166</marc:subfield>
		</marc:datafield>
		<marc:datafield ind1=" " ind2="4" tag="650">
			<marc:subfield code="a">CHR 1818</marc:subfield>
		</marc:datafield>
		<marc:datafield ind1=" " ind2="4" tag="650">
			<marc:subfield code="a">PRO Garden, Henry Robert (autograph, 1818)</marc:subfield>
		</marc:datafield>
		<marc:datafield ind1="2" ind2=" " tag="710">
			<marc:subfield code="a">Early Novels</marc:subfield>
			<marc:subfield code="5">University of Pennsylvania</marc:subfield>
		</marc:datafield>
		<marc:datafield ind1="2" ind2=" " tag="710">
			<marc:subfield code="a">Collection of British and American Fiction, 1660-1830 (University of Pennsylvania)</marc:subfield>
			<marc:subfield code="9">University of Pennsylvania</marc:subfield>
		</marc:datafield>
		<marc:datafield ind1="8" ind2=" " tag="852">
			<marc:subfield code="b">scrare</marc:subfield>
			<marc:subfield code="h">EC8</marc:subfield>
			<marc:subfield code="i">M8238 818f</marc:subfield>
			<marc:subfield code="x">59-374</marc:subfield>
			<marc:subfield code="x">A5891</marc:subfield>
		</marc:datafield>
		<marc:datafield ind1="4" ind2="1" tag="866">
			<marc:subfield code="8">0</marc:subfield>
			<marc:subfield code="a">v.1-4</marc:subfield>
		</marc:datafield>
		<marc:datafield ind1=" " ind2=" " tag="994">
			<marc:subfield code="a">E0</marc:subfield>
			<marc:subfield code="b">PAU</marc:subfield>
		</marc:datafield>
	</marc:record>