
	<marc:record>
		<marc:leader>06072cam a2200745 i 4500</marc:leader>
		<marc:controlfield tag="001">261023</marc:controlfield>
		<marc:controlfield tag="005">20130320162448.0</marc:controlfield>
		<marc:controlfield tag="008">931027m18191820nyu           000 0 eng d</marc:controlfield>
		<marc:datafield ind1=" " ind2=" " tag="035">
			<marc:subfield code="a">(PUVoyagerBIBID)3460951</marc:subfield>
		</marc:datafield>
		<marc:datafield ind1=" " ind2=" " tag="035">
			<marc:subfield code="a">(MediadbVoyBIBID)261023</marc:subfield>
		</marc:datafield>
		<marc:datafield ind1=" " ind2=" " tag="035">
			<marc:subfield code="a">(END)ps2066_a1_1819_c2</marc:subfield>
		</marc:datafield>
		<marc:datafield ind1=" " ind2=" " tag="040">
			<marc:subfield code="a">MWA</marc:subfield>
			<marc:subfield code="c">MWA</marc:subfield>
			<marc:subfield code="e">bdrb</marc:subfield>
			<marc:subfield code="d">CtY-BR</marc:subfield>
			<marc:subfield code="d">PU</marc:subfield>
		</marc:datafield>
		<marc:datafield ind1=" " ind2="4" tag="050">
			<marc:subfield code="a">PS2066</marc:subfield>
			<marc:subfield code="b">.A1 1819</marc:subfield>
		</marc:datafield>
		<marc:datafield ind1="1" ind2=" " tag="100">
			<marc:subfield code="a">Irving, Washington</marc:subfield>
			<marc:subfield code="d">1783-1859.</marc:subfield>
		</marc:datafield>
		<marc:datafield ind1="1" ind2="4" tag="245">
			<marc:subfield code="a">The sketch book of Geoffrey Crayon, gent. :</marc:subfield>
			<marc:subfield code="b">No. I[-VII].</marc:subfield>
		</marc:datafield>
		<marc:datafield ind1=" " ind2=" " tag="260">
			<marc:subfield code="a">New York :</marc:subfield>
			<marc:subfield code="b">Printed by C.S. Van Winkle,</marc:subfield>
			<marc:subfield code="c">1819-1820.</marc:subfield>
			<marc:subfield code="a">[New York]</marc:subfield>
		</marc:datafield>
		<marc:datafield ind1=" " ind2=" " tag="300">
			<marc:subfield code="a">2 v. ;</marc:subfield>
			<marc:subfield code="c">22 cm.</marc:subfield>
			<marc:subfield code="a">[2 v.]</marc:subfield>
		</marc:datafield>
		<marc:datafield ind1=" " ind2=" " tag="500">
			<marc:subfield code="a">2 volumes in 7 parts.</marc:subfield>
		</marc:datafield>
		<marc:datafield ind1=" " ind2=" " tag="500">
			<marc:subfield code="a">Written by Washington Irving. Cf. Halkett &amp; Laing.</marc:subfield>
		</marc:datafield>
		<marc:datafield ind1=" " ind2=" " tag="500">
			<marc:subfield code="a">First published from May 1819 to Sept. 1820, simultaneously in New York, Boston, Philadelphia and Baltimore, in seven numbers, no. I-V with imprint date 1819 and continuous paging, no. VI and VII with imprint date 1820 and separate paging.</marc:subfield>
		</marc:datafield>
		<marc:datafield ind1=" " ind2=" " tag="500">
			<marc:subfield code="a">Parts issued in paper wrappers, some printed with publisher\\\'s advertisements.</marc:subfield>
		</marc:datafield>
		<marc:datafield ind1=" " ind2=" " tag="500">
			<marc:subfield code="a">Imprint on wrappers varies: nos. 3-4 each has ""C.S. Van Winkle, printer, 101 Greenwich-street""; nos. 6-7 each has ""Published by Haly and Thomas, New-York, and M. Thomas, Philadelphia."</marc:subfield>
		</marc:datafield>
		<marc:datafield ind1="4" ind2=" " tag="510">
			<marc:subfield code="a">Shaw &amp; Shoemaker</marc:subfield>
			<marc:subfield code="c">48355</marc:subfield>
		</marc:datafield>
		<marc:datafield ind1="4" ind2=" " tag="510">
			<marc:subfield code="a">BAL</marc:subfield>
			<marc:subfield code="c">10106</marc:subfield>
		</marc:datafield>
		<marc:datafield ind1="4" ind2=" " tag="510">
			<marc:subfield code="a">Langfeld, W.R.  Irving (1968 ed.),</marc:subfield>
			<marc:subfield code="c">p. 15-22</marc:subfield>
		</marc:datafield>
		<marc:datafield ind1="4" ind2=" " tag="510">
			<marc:subfield code="a">Blanck, J.  Peter Parley to Penrod,</marc:subfield>
			<marc:subfield code="c">p. 143</marc:subfield>
		</marc:datafield>
		<marc:datafield ind1="4" ind2=" " tag="510">
			<marc:subfield code="a">Halkett &amp; Laing (2nd ed.)</marc:subfield>
			<marc:subfield code="c">V, 281</marc:subfield>
		</marc:datafield>
		<marc:datafield ind1="4" ind2=" " tag="510">
			<marc:subfield code="a">Wright, L.H.  Amer. fiction, 1774-1850 (2nd ed.),</marc:subfield>
			<marc:subfield code="c">1430</marc:subfield>
		</marc:datafield>
		<marc:datafield ind1=" " ind2=" " tag="590">
			<marc:subfield code="a">Zinman copies 1, 2 and 3 presented to the Penn Libraries by Michael Zinman.</marc:subfield>
		</marc:datafield>
		<marc:datafield ind1=" " ind2=" " tag="590">
			<marc:subfield code="a">Penn Libraries Zinman copy 1 imperfect: no. 2 wanting; no. 1 disbound; no. 5 wanting wrappers; no. 3 wanting p. 201-204 and back wrapper.</marc:subfield>
		</marc:datafield>
		<marc:datafield ind1=" " ind2=" " tag="590">
			<marc:subfield code="a">Penn Libraries Zinman copy 1 has 1 photocopied leaf of bibliographic information (The complete works of Washington Irving, ed. Richard Dilworth Rust, 1989, v. 30, p. 122-123) laid in.</marc:subfield>
		</marc:datafield>
		<marc:datafield ind1=" " ind2=" " tag="590">
			<marc:subfield code="a">Penn Libraries Zinman copy 1: no. 1 has bookseller\\\'s ms. note in pencil on verso of front free endpaper; title leaf torn and mended near inner margin; engraved title leaf from another work (""Illustrations of The sketch book, from designs by R. Westall ... London, published by Robert Jennings, 1825"") laid in; extra-illustrated with 2 plates ""[d]rawn by R. Westall ... Engraved by Chas. Heath ... London, published by Robert Jennings ... 1824."</marc:subfield>
		</marc:datafield>
		<marc:datafield ind1=" " ind2=" " tag="590">
			<marc:subfield code="a">Penn Libraries Zinman copy 1: no. 3 has p. 203-204 from another copy laid in after p. 200; a few marginal ms. notes in pencil.</marc:subfield>
		</marc:datafield>
		<marc:datafield ind1=" " ind2=" " tag="590">
			<marc:subfield code="a">Penn Libraries Zinman copy 1: no. 5 has 1 leaf of publisher\\\'s advertisements (""M. Thomas ... Philadelphia"") inserted at beginning of book."</marc:subfield>
		</marc:datafield>
		<marc:datafield ind1=" " ind2=" " tag="590">
			<marc:subfield code="a">Penn Libraries Zinman copy 1: no. 6 has front wrapper torn off at top outer corner with loss of price and reinforced with a blank leaf; first 2 leaves torn off and mended at top margin; front wrapper and p. 1-38 dampstained at top margin; title leaf has author\\\'s name supplied in ms. in pencil and autograph (""Ann Butler"") in ink."</marc:subfield>
		</marc:datafield>
		<marc:datafield ind1=" " ind2=" " tag="590">
			<marc:subfield code="a">Penn Libraries Zinman copy 1: no. 7 has autograph (""John J. Milligan"") on front wrapper; ms. bibliographic note in pencil laid in; author\\\'s name supplied in ms. in pencil on title leaf; 1 leaf of publisher\\\'s advertisements (""M. Thomas, agent, 108 Chesnut Street"") inserted at beginning of book."</marc:subfield>
		</marc:datafield>
		<marc:datafield ind1=" " ind2=" " tag="590">
			<marc:subfield code="a">Penn Libraries Zinman copy 2 imperfect: RBC has nos. 3, 6-7 only; p. 57-94 from no. 1, p. 129-130 from no. 2 and p. 173-208 from no. 3 laid in.</marc:subfield>
		</marc:datafield>
		<marc:datafield ind1=" " ind2=" " tag="590">
			<marc:subfield code="a">Penn Libraries Zinman copy 2 has 1 photocopied leaf of bibliographic information (The complete works of Washington Irving, ed. Richard Dilworth Rust, 1989, v. 30, p. 122-123) laid in.</marc:subfield>
		</marc:datafield>
		<marc:datafield ind1=" " ind2=" " tag="590">
			<marc:subfield code="a">Penn Libraries Zinman copy 2: no. 3 has a second copy of p. 203-210 inserted between p. 210 and p. 211; colored bookplate affixed to inside front wrapper; ms. inscriptions in pencil on front free endpaper and title leaf.</marc:subfield>
		</marc:datafield>
		<marc:datafield ind1=" " ind2=" " tag="590">
			<marc:subfield code="a">Penn Libraries Zinman copy 2: no. 6 has autograph on front wrapper; ms. inscriptions in pencil on title leaf and back free endpaper.</marc:subfield>
		</marc:datafield>
		<marc:datafield ind1=" " ind2=" " tag="590">
			<marc:subfield code="a">Penn Libraries Zinman copy 2: detached p. 57-94 from no. 1 has ms. inscription in pencil on p. 57 and ms. initials (""E.C.C."") on p. 59; detached p. 129-130 from no. 2 has a couple of marginal ms. inscriptions on p. 129; detached p. 173-208 from no. 3 has autograph and ms. inscriptions in pencil on p. 173."</marc:subfield>
		</marc:datafield>
		<marc:datafield ind1=" " ind2=" " tag="590">
			<marc:subfield code="a">Penn Libraries Zinman copy 3 imperfect: RBC has no. 6 only; top portion of front wrapper torn off and wanting.</marc:subfield>
		</marc:datafield>
		<marc:datafield ind1=" " ind2=" " tag="590">
			<marc:subfield code="a">Penn Libraries Zinman copy 3 has ms. inscription in pencil on title leaf.</marc:subfield>
		</marc:datafield>
		<marc:datafield ind1=" " ind2="4" tag="650">
			<marc:subfield code="a">CHR 1819-1820</marc:subfield>
		</marc:datafield>
		<marc:datafield ind1=" " ind2="4" tag="650">
			<marc:subfield code="a">PRO Livingston, C. (stamp) (RBC copy)</marc:subfield>
		</marc:datafield>
		<marc:datafield ind1=" " ind2="4" tag="650">
			<marc:subfield code="a">PRO Sleight, Mary B. (autograph) (RBC copy)</marc:subfield>
		</marc:datafield>
		<marc:datafield ind1=" " ind2="4" tag="650">
			<marc:subfield code="a">PRO Zinman, Michael (donor) (Zinman copy 1, 2 &amp; 3)</marc:subfield>
		</marc:datafield>
		<marc:datafield ind1=" " ind2="4" tag="650">
			<marc:subfield code="a">PRO Butler, Ann (autograph) (Zinman copy 1)</marc:subfield>
		</marc:datafield>
		<marc:datafield ind1=" " ind2="4" tag="650">
			<marc:subfield code="a">PRO Milligan, John J. (autograph) (Zinman copy 1)</marc:subfield>
		</marc:datafield>
		<marc:datafield ind1=" " ind2="4" tag="650">
			<marc:subfield code="a">PRO Barrett, Clifton Waller, 1901- (bookplate) (Zinman copy 2)</marc:subfield>
		</marc:datafield>
		<marc:datafield ind1=" " ind2="4" tag="650">
			<marc:subfield code="a">PRO Ellis, John (autograph) (Zinman copy 2)</marc:subfield>
		</marc:datafield>
		<marc:datafield ind1=" " ind2="4" tag="650">
			<marc:subfield code="a">PRO Chadeayne, Elizabeth C. (autograph) (Zinman copy 2)</marc:subfield>
		</marc:datafield>
		<marc:datafield ind1=" " ind2="0" tag="651">
			<marc:subfield code="a">Catskill Mountains Region (N.Y.)</marc:subfield>
			<marc:subfield code="v">Fiction.</marc:subfield>
		</marc:datafield>
		<marc:datafield ind1=" " ind2="0" tag="651">
			<marc:subfield code="a">Hudson River Valley (N.Y. and N.J.)</marc:subfield>
			<marc:subfield code="v">Fiction.</marc:subfield>
		</marc:datafield>
		<marc:datafield ind1=" " ind2="0" tag="651">
			<marc:subfield code="a">England</marc:subfield>
			<marc:subfield code="x">Description and travel.</marc:subfield>
		</marc:datafield>
		<marc:datafield ind1=" " ind2="7" tag="656">
			<marc:subfield code="a">Advertisements</marc:subfield>
			<marc:subfield code="z">Pennsylvania</marc:subfield>
			<marc:subfield code="z">Philadelphia</marc:subfield>
			<marc:subfield code="y">19th century.</marc:subfield>
			<marc:subfield code="2">rbgenr</marc:subfield>
		</marc:datafield>
		<marc:datafield ind1=" " ind2="7" tag="656">
			<marc:subfield code="a">Illustrated books</marc:subfield>
			<marc:subfield code="x">Extra-illustrated.</marc:subfield>
			<marc:subfield code="2">lcsh</marc:subfield>
		</marc:datafield>
		<marc:datafield ind1="1" ind2=" " tag="700">
			<marc:subfield code="a">Westall, Richard,</marc:subfield>
			<marc:subfield code="d">1765-1836.</marc:subfield>
		</marc:datafield>
		<marc:datafield ind1="2" ind2=" " tag="710">
			<marc:subfield code="a">Early Novels</marc:subfield>
			<marc:subfield code="5">University of Pennsylvania</marc:subfield>
		</marc:datafield>
		<marc:datafield ind1="2" ind2=" " tag="710">
			<marc:subfield code="a">Collection of British and American Fiction, 1660-1830 (University of Pennsylvania)</marc:subfield>
			<marc:subfield code="9">University of Pennsylvania</marc:subfield>
		</marc:datafield>
		<marc:datafield ind1="2" ind2=" " tag="710">
			<marc:subfield code="a">Books in Parts Collection (University of Pennsylvania)</marc:subfield>
			<marc:subfield code="9">University of Pennsylvania</marc:subfield>
		</marc:datafield>
		<marc:datafield ind1=" " ind2=" " tag="752">
			<marc:subfield code="a">United States</marc:subfield>
			<marc:subfield code="b">New York</marc:subfield>
			<marc:subfield code="d">New York.</marc:subfield>
		</marc:datafield>
		<marc:datafield ind1="0" ind2=" " tag="852">
			<marc:subfield code="b">scparts</marc:subfield>
			<marc:subfield code="h">PS2066</marc:subfield>
			<marc:subfield code="i">.A1 1819 copy 2</marc:subfield>
			<marc:subfield code="x">g. Michael Zinman</marc:subfield>
		</marc:datafield>
		<marc:datafield ind1="4" ind2="1" tag="866">
			<marc:subfield code="8">0</marc:subfield>
			<marc:subfield code="a">no.3,6-7</marc:subfield>
		</marc:datafield>
		<marc:datafield ind1=" " ind2=" " tag="998">
			<marc:subfield code="s">9115</marc:subfield>
		</marc:datafield>
	</marc:record>