
	<marc:record>
		<marc:leader>04895cam a2200625 i 4500</marc:leader>
		<marc:controlfield tag="001">261029</marc:controlfield>
		<marc:controlfield tag="005">20130320163633.0</marc:controlfield>
		<marc:controlfield tag="008">030912m18191820nyu           000 0 eng d</marc:controlfield>
		<marc:datafield ind1=" " ind2=" " tag="035">
			<marc:subfield code="a">(PUVoyagerBIBID)3461602</marc:subfield>
		</marc:datafield>
		<marc:datafield ind1=" " ind2=" " tag="035">
			<marc:subfield code="a">(MediadbVoyBIBID)261029</marc:subfield>
		</marc:datafield>
		<marc:datafield ind1=" " ind2=" " tag="035">
			<marc:subfield code="a">(END)ps2066_a1_1819b_c4</marc:subfield>
		</marc:datafield>
		<marc:datafield ind1=" " ind2=" " tag="040">
			<marc:subfield code="a">MWA</marc:subfield>
			<marc:subfield code="c">MWA</marc:subfield>
			<marc:subfield code="e">bdrb</marc:subfield>
			<marc:subfield code="d">CtY-BR</marc:subfield>
			<marc:subfield code="d">PU</marc:subfield>
		</marc:datafield>
		<marc:datafield ind1=" " ind2="4" tag="050">
			<marc:subfield code="a">PS2066</marc:subfield>
			<marc:subfield code="b">.A1 1819b</marc:subfield>
		</marc:datafield>
		<marc:datafield ind1="1" ind2=" " tag="100">
			<marc:subfield code="a">Irving, Washington</marc:subfield>
			<marc:subfield code="d">1783-1859.</marc:subfield>
		</marc:datafield>
		<marc:datafield ind1="1" ind2="4" tag="245">
			<marc:subfield code="a">The sketch book of Geoffrey Crayon, gent. :</marc:subfield>
			<marc:subfield code="b">No. I[-VII].</marc:subfield>
		</marc:datafield>
		<marc:datafield ind1=" " ind2=" " tag="250">
			<marc:subfield code="a">Second edition.</marc:subfield>
			<marc:subfield code="b">Second edition.</marc:subfield>
		</marc:datafield>
		<marc:datafield ind1=" " ind2=" " tag="260">
			<marc:subfield code="a">New York :</marc:subfield>
			<marc:subfield code="b">Printed by C.S. Van Winkle,</marc:subfield>
			<marc:subfield code="c">1819-1820.</marc:subfield>
			<marc:subfield code="a">[New York]</marc:subfield>
		</marc:datafield>
		<marc:datafield ind1=" " ind2=" " tag="300">
			<marc:subfield code="a">2 v. ;</marc:subfield>
			<marc:subfield code="c">22 cm.</marc:subfield>
			<marc:subfield code="a">[2 v.]</marc:subfield>
		</marc:datafield>
		<marc:datafield ind1=" " ind2=" " tag="500">
			<marc:subfield code="a">2 volumes in 7 parts.</marc:subfield>
		</marc:datafield>
		<marc:datafield ind1=" " ind2=" " tag="500">
			<marc:subfield code="a">Written by Washington Irving. Cf. Halkett &amp; Laing.</marc:subfield>
		</marc:datafield>
		<marc:datafield ind1=" " ind2=" " tag="500">
			<marc:subfield code="a">First published from May 1819 to Sept. 1820, simultaneously in New York, Boston, Philadelphia and Baltimore, in seven numbers, no. I-V with imprint date 1819 and continuous paging, no. VI and VII with imprint date 1820 and separate paging.</marc:subfield>
		</marc:datafield>
		<marc:datafield ind1=" " ind2=" " tag="500">
			<marc:subfield code="a">In the second edition, no. I has imprint date 1819 and nos. II-VII each has imprint date 1820; nos. III-VII have separate paging. Cf. Wright.</marc:subfield>
		</marc:datafield>
		<marc:datafield ind1=" " ind2=" " tag="500">
			<marc:subfield code="a">Parts issued in paper wrappers, some printed with advertisements.</marc:subfield>
		</marc:datafield>
		<marc:datafield ind1="4" ind2=" " tag="510">
			<marc:subfield code="a">Halkett &amp; Laing (2nd ed.)</marc:subfield>
			<marc:subfield code="c">V, 281</marc:subfield>
		</marc:datafield>
		<marc:datafield ind1="4" ind2=" " tag="510">
			<marc:subfield code="a">Wright, L.H.  Amer. fiction, 1774-1850 (2nd ed.),</marc:subfield>
			<marc:subfield code="c">1431</marc:subfield>
		</marc:datafield>
		<marc:datafield ind1=" " ind2=" " tag="590">
			<marc:subfield code="a">Penn Libraries RBC copy imperfect: v. 2, pts. 5-7 only (pts. 6-7 second printing--cf. BAL).</marc:subfield>
		</marc:datafield>
		<marc:datafield ind1=" " ind2=" " tag="590">
			<marc:subfield code="a">Zinman copy presented to the Penn Libraries by Michael Zinman.</marc:subfield>
		</marc:datafield>
		<marc:datafield ind1=" " ind2=" " tag="590">
			<marc:subfield code="a">Penn Libraries Zinman copy 1 imperfect: no. 2 wanting; no. 1 wanting p. 11-14 and 57-58; no. 3 has outer portion of back wrapper torn off.</marc:subfield>
		</marc:datafield>
		<marc:datafield ind1=" " ind2=" " tag="590">
			<marc:subfield code="a">Penn Libraries Zinman copy 1 has 1 photocopied leaf of bibliographic information (The complete works of Washington Irving, ed. Richard Dilworth Rust, 1989, v. 30, p. 122-123) laid in.</marc:subfield>
		</marc:datafield>
		<marc:datafield ind1=" " ind2=" " tag="590">
			<marc:subfield code="a">Penn Libraries Zinman copy 1: no. 1 has illegible ms. inscription on front wrapper, ms. note in pencil (""Lacks 2 leaves"") on verso of first leaf, and autograph in pencil (""Julia L. Allers 1844"") and some illegible inscriptions in ink and pencil on verso of last leaf; no. 6 has ms. marginal note in pencil on p. 38 and p. 65-66 torn off at top outer corner with some loss of text; no. 7 has autograph (""S.L. Wilder"") on inside back wrapper."</marc:subfield>
		</marc:datafield>
		<marc:datafield ind1=" " ind2=" " tag="590">
			<marc:subfield code="a">Penn Libraries Zinman copies 2, 3 and 4 have 1 photocopied leaf of bibliographic information (The complete works of Washington Irving, ed. Richard Dilworth Rust, 1989, v. 30, p. 122-123) laid in.</marc:subfield>
		</marc:datafield>
		<marc:datafield ind1=" " ind2=" " tag="590">
			<marc:subfield code="a">Penn Libraries Zinman copy 2 imperfect: RBC has nos. 1, 3, 5-7 only; p. 305-312 of no. 4 torn off near inner margin and wanting; no. 6 wanting wrappers.</marc:subfield>
		</marc:datafield>
		<marc:datafield ind1=" " ind2=" " tag="590">
			<marc:subfield code="a">Penn Libraries Zinman copy 2: no. 1 has autograph (""A Bazin Jun"") on front wrapper; no. 3 has ms. inscriptions in pencil on front wrapper, front free endpaper, p. [4], verso of last printed leaf and inside back wrapper."</marc:subfield>
		</marc:datafield>
		<marc:datafield ind1=" " ind2=" " tag="590">
			<marc:subfield code="a">Penn Libraries Zinman copy 2: no. 4 has label with Dewey call number pasted to front wrapper; author\\\'s name supplied in ms. in pencil on title leaf; ms. Dewey call number in pencil on verso of title leaf; ms. marginal drawing in pencil on p. 301; a few ms. marginal notes in pencil; many leaves torn at outer margin.</marc:subfield>
		</marc:datafield>
		<marc:datafield ind1=" " ind2=" " tag="590">
			<marc:subfield code="a">Penn Libraries Zinman copy 2: no. 5 has autograph (""S N Richmond"") on title leaf; no. 6 has ms. inscription on title leaf."</marc:subfield>
		</marc:datafield>
		<marc:datafield ind1=" " ind2=" " tag="590">
			<marc:subfield code="a">Penn Libraries Zinman copy 3 imperfect: RBC has nos. 3, 5-6 only; nos. 5 and 6 each wanting front wrapper.</marc:subfield>
		</marc:datafield>
		<marc:datafield ind1=" " ind2=" " tag="590">
			<marc:subfield code="a">Penn Libraries Zinman copy 4 imperfect: RBC has no. 5 only; back wrapper wanting; top portion of front wrapper torn off and wanting.</marc:subfield>
		</marc:datafield>
		<marc:datafield ind1=" " ind2="4" tag="650">
			<marc:subfield code="a">CHR 1819-1820</marc:subfield>
		</marc:datafield>
		<marc:datafield ind1=" " ind2="4" tag="650">
			<marc:subfield code="a">PRO Zinman, Michael (donor) (Zinman copy 1, 2, 3 &amp; 4)</marc:subfield>
		</marc:datafield>
		<marc:datafield ind1=" " ind2="4" tag="650">
			<marc:subfield code="a">PRO Allers, Julia L. (autograph, 1844) (Zinman copy 1)</marc:subfield>
		</marc:datafield>
		<marc:datafield ind1=" " ind2="4" tag="650">
			<marc:subfield code="a">PRO Tricker, Marsia (inscription) (Zinman copy 1)</marc:subfield>
		</marc:datafield>
		<marc:datafield ind1=" " ind2="4" tag="650">
			<marc:subfield code="a">PRO Cooper, Andrew (inscription) (Zinman copy 1)</marc:subfield>
		</marc:datafield>
		<marc:datafield ind1=" " ind2="4" tag="650">
			<marc:subfield code="a">PRO Wilder, S. L. (autograph) (Zinman copy 1)</marc:subfield>
		</marc:datafield>
		<marc:datafield ind1=" " ind2="4" tag="650">
			<marc:subfield code="a">PRO Bazin, A., Jr. (autograph) (Zinman copy 2)</marc:subfield>
		</marc:datafield>
		<marc:datafield ind1=" " ind2="4" tag="650">
			<marc:subfield code="a">PRO Richmond, S. N. (autograph) (Zinman copy 2)</marc:subfield>
		</marc:datafield>
		<marc:datafield ind1=" " ind2="0" tag="651">
			<marc:subfield code="a">England</marc:subfield>
			<marc:subfield code="x">Description and travel.</marc:subfield>
		</marc:datafield>
		<marc:datafield ind1=" " ind2="0" tag="651">
			<marc:subfield code="a">Catskill Mountains Region (N.Y.)</marc:subfield>
			<marc:subfield code="v">Fiction.</marc:subfield>
		</marc:datafield>
		<marc:datafield ind1=" " ind2="0" tag="651">
			<marc:subfield code="a">Hudson River Valley (N.Y. and N.J.)</marc:subfield>
			<marc:subfield code="v">Fiction.</marc:subfield>
		</marc:datafield>
		<marc:datafield ind1=" " ind2="7" tag="656">
			<marc:subfield code="a">Advertisements</marc:subfield>
			<marc:subfield code="z">New York</marc:subfield>
			<marc:subfield code="z">New York</marc:subfield>
			<marc:subfield code="y">19th century.</marc:subfield>
			<marc:subfield code="2">rbgenr</marc:subfield>
		</marc:datafield>
		<marc:datafield ind1="2" ind2=" " tag="710">
			<marc:subfield code="a">Early Novels</marc:subfield>
			<marc:subfield code="5">University of Pennsylvania</marc:subfield>
		</marc:datafield>
		<marc:datafield ind1="2" ind2=" " tag="710">
			<marc:subfield code="a">Collection of British and American Fiction, 1660-1830 (University of Pennsylvania)</marc:subfield>
			<marc:subfield code="9">University of Pennsylvania</marc:subfield>
		</marc:datafield>
		<marc:datafield ind1="2" ind2=" " tag="710">
			<marc:subfield code="a">Books in Parts Collection (University of Pennsylvania)</marc:subfield>
			<marc:subfield code="9">University of Pennsylvania</marc:subfield>
		</marc:datafield>
		<marc:datafield ind1=" " ind2=" " tag="752">
			<marc:subfield code="a">United States</marc:subfield>
			<marc:subfield code="b">New York</marc:subfield>
			<marc:subfield code="d">New York.</marc:subfield>
		</marc:datafield>
		<marc:datafield ind1="0" ind2=" " tag="852">
			<marc:subfield code="b">scparts</marc:subfield>
			<marc:subfield code="h">PS2066</marc:subfield>
			<marc:subfield code="i">.A1 1819b copy 4</marc:subfield>
			<marc:subfield code="x">g. Michael Zinman</marc:subfield>
			<marc:subfield code="z">Housed with copy 2.</marc:subfield>
		</marc:datafield>
		<marc:datafield ind1="4" ind2="1" tag="866">
			<marc:subfield code="8">0</marc:subfield>
			<marc:subfield code="a">no.5</marc:subfield>
		</marc:datafield>
	</marc:record>