
	<marc:record>
		<marc:leader>01444cam a2200313 i 4500</marc:leader>
		<marc:controlfield tag="001">261033</marc:controlfield>
		<marc:controlfield tag="005">20130319170945.0</marc:controlfield>
		<marc:controlfield tag="008">030926s1814    vau           000 0 eng d</marc:controlfield>
		<marc:datafield ind1=" " ind2=" " tag="035">
			<marc:subfield code="a">(PUVoyagerBIBID)3466532</marc:subfield>
		</marc:datafield>
		<marc:datafield ind1=" " ind2=" " tag="035">
			<marc:subfield code="a">(MediadbVoyBIBID)261033</marc:subfield>
		</marc:datafield>
		<marc:datafield ind1=" " ind2=" " tag="035">
			<marc:subfield code="a">(END)ac8_w7458_814o</marc:subfield>
		</marc:datafield>
		<marc:datafield ind1=" " ind2=" " tag="040">
			<marc:subfield code="a">CSt</marc:subfield>
			<marc:subfield code="c">CSt</marc:subfield>
			<marc:subfield code="d">PU</marc:subfield>
		</marc:datafield>
		<marc:datafield ind1=" " ind2=" " tag="043">
			<marc:subfield code="a">n-us-va</marc:subfield>
		</marc:datafield>
		<marc:datafield ind1="0" ind2="4" tag="245">
			<marc:subfield code="a">The Old bachelor.</marc:subfield>
		</marc:datafield>
		<marc:datafield ind1="0" ind2=" " tag="260">
			<marc:subfield code="a">Richmond [Va.] :</marc:subfield>
			<marc:subfield code="b">Printed at the Enquirer Press, for Thomas Ritchie &amp; Fielding Lucas,</marc:subfield>
			<marc:subfield code="c">1814.</marc:subfield>
			<marc:subfield code="a">[Richmond, VA]</marc:subfield>
		</marc:datafield>
		<marc:datafield ind1=" " ind2=" " tag="300">
			<marc:subfield code="a">[4], 235 p. ;</marc:subfield>
			<marc:subfield code="c">19 cm.</marc:subfield>
			<marc:subfield code="a">[1 v.]</marc:subfield>
		</marc:datafield>
		<marc:datafield ind1=" " ind2=" " tag="500">
			<marc:subfield code="a">Thirty-three essays reprinted from the Richmond Enquirer; written by William Wirt, Dabney Carr, St. George Tucker and others, modelled after those of the Spectator. Some of the essays are signed with fictitious names. cf. Life of William Wirt / J.P. Kennedy, 1849, v. 1, p. 295-296.</marc:subfield>
		</marc:datafield>
		<marc:datafield ind1="4" ind2=" " tag="510">
			<marc:subfield code="a">Shaw &amp; Shoemaker</marc:subfield>
			<marc:subfield code="c">33708.</marc:subfield>
		</marc:datafield>
		<marc:datafield ind1="4" ind2=" " tag="510">
			<marc:subfield code="a">Sabin</marc:subfield>
			<marc:subfield code="c">104878</marc:subfield>
		</marc:datafield>
		<marc:datafield ind1=" " ind2="4" tag="650">
			<marc:subfield code="a">CHR 1814</marc:subfield>
		</marc:datafield>
		<marc:datafield ind1=" " ind2="4" tag="650">
			<marc:subfield code="a">PRO Buchanan, James,</marc:subfield>
			<marc:subfield code="d">1791-1868 (autograph, 8/17/1817)</marc:subfield>
		</marc:datafield>
		<marc:datafield ind1=" " ind2="0" tag="651">
			<marc:subfield code="a">Virginia</marc:subfield>
			<marc:subfield code="x">Social life and customs.</marc:subfield>
		</marc:datafield>
		<marc:datafield ind1="1" ind2="0" tag="700">
			<marc:subfield code="a">Wirt, William,</marc:subfield>
			<marc:subfield code="d">1772-1834.</marc:subfield>
		</marc:datafield>
		<marc:datafield ind1="1" ind2="0" tag="700">
			<marc:subfield code="a">Carr, Dabney,</marc:subfield>
			<marc:subfield code="d">1773-1837.</marc:subfield>
		</marc:datafield>
		<marc:datafield ind1="1" ind2="0" tag="700">
			<marc:subfield code="a">Tucker, St. George,</marc:subfield>
			<marc:subfield code="d">1752-1827.</marc:subfield>
		</marc:datafield>
		<marc:datafield ind1="2" ind2=" " tag="710">
			<marc:subfield code="a">Early Novels</marc:subfield>
			<marc:subfield code="5">University of Pennsylvania</marc:subfield>
		</marc:datafield>
		<marc:datafield ind1="2" ind2=" " tag="710">
			<marc:subfield code="a">Collection of British and American Fiction, 1660-1830 (University of Pennsylvania)</marc:subfield>
			<marc:subfield code="9">University of Pennsylvania</marc:subfield>
		</marc:datafield>
		<marc:datafield ind1="2" ind2="0" tag="710">
			<marc:subfield code="a">Richmond Enquirer.</marc:subfield>
			<marc:subfield code="4">Publisher</marc:subfield>
		</marc:datafield>
		<marc:datafield ind1="8" ind2=" " tag="852">
			<marc:subfield code="b">scrare</marc:subfield>
			<marc:subfield code="h">AC8</marc:subfield>
			<marc:subfield code="i">W7458 814o</marc:subfield>
			<marc:subfield code="x">56-408</marc:subfield>
			<marc:subfield code="x">RB(92859)1956</marc:subfield>
		</marc:datafield>
	</marc:record>