
	<marc:record>
		<marc:leader>01453cam a2200337 a 4500</marc:leader>
		<marc:controlfield tag="001">261037</marc:controlfield>
		<marc:controlfield tag="005">20130315162558.0</marc:controlfield>
		<marc:controlfield tag="008">760507s1815    pau           000 0 eng  </marc:controlfield>
		<marc:datafield ind1=" " ind2=" " tag="010">
			<marc:subfield code="a">06015211</marc:subfield>
		</marc:datafield>
		<marc:datafield ind1=" " ind2=" " tag="035">
			<marc:subfield code="a">(PUVoyagerBIBID)3467577</marc:subfield>
		</marc:datafield>
		<marc:datafield ind1=" " ind2=" " tag="035">
			<marc:subfield code="a">(MediadbVoyBIBID)261037</marc:subfield>
		</marc:datafield>
		<marc:datafield ind1=" " ind2=" " tag="035">
			<marc:subfield code="a">(END)813_b72m_c</marc:subfield>
		</marc:datafield>
		<marc:datafield ind1=" " ind2=" " tag="040">
			<marc:subfield code="a">DLC</marc:subfield>
			<marc:subfield code="e">bdrb</marc:subfield>
			<marc:subfield code="c">VWM</marc:subfield>
			<marc:subfield code="d">IXA</marc:subfield>
			<marc:subfield code="d">PU</marc:subfield>
		</marc:datafield>
		<marc:datafield ind1="0" ind2="0" tag="050">
			<marc:subfield code="a">PS708.B5</marc:subfield>
			<marc:subfield code="b">M6 1815</marc:subfield>
		</marc:datafield>
		<marc:datafield ind1="1" ind2=" " tag="100">
			<marc:subfield code="a">Brackenridge, H. H</marc:subfield>
			<marc:subfield code="q">(Hugh Henry),</marc:subfield>
			<marc:subfield code="d">1748-1816.</marc:subfield>
		</marc:datafield>
		<marc:datafield ind1="1" ind2="0" tag="245">
			<marc:subfield code="a">Modern chivalry :</marc:subfield>
			<marc:subfield code="b">containing the adventures of a captain, and Teague O\\\'Regan, his servant /</marc:subfield>
			<marc:subfield code="c">By H.H. Brackenridge.</marc:subfield>
		</marc:datafield>
		<marc:datafield ind1=" " ind2=" " tag="260">
			<marc:subfield code="a">[Philadelphia] :</marc:subfield>
			<marc:subfield code="b">Published by Johnson &amp; Warner, and sold at their bookstores in Philadelphia and Richmond, Virginia,</marc:subfield>
			<marc:subfield code="c">1815.</marc:subfield>
			<marc:subfield code="a">[Philadelphia]</marc:subfield>
		</marc:datafield>
		<marc:datafield ind1=" " ind2=" " tag="300">
			<marc:subfield code="a">4 v. ;</marc:subfield>
			<marc:subfield code="c">18 cm. (12mo in 6s)</marc:subfield>
			<marc:subfield code="a">[4 v.]</marc:subfield>
		</marc:datafield>
		<marc:datafield ind1=" " ind2=" " tag="500">
			<marc:subfield code="a">""Alexander &amp; Phillips, printers, Carlisle""--Vol. 1, p. 216."</marc:subfield>
		</marc:datafield>
		<marc:datafield ind1=" " ind2=" " tag="500">
			<marc:subfield code="a">""Appendix. Cincinnatus. A poem."": v. 4, 50 p. at end."</marc:subfield>
		</marc:datafield>
		<marc:datafield ind1="4" ind2=" " tag="510">
			<marc:subfield code="a">Shaw &amp; Shoemaker</marc:subfield>
			<marc:subfield code="c">34190</marc:subfield>
		</marc:datafield>
		<marc:datafield ind1="4" ind2=" " tag="510">
			<marc:subfield code="a">Wright, L.H. Amer. fiction, 1774-1850 (2nd ed.),</marc:subfield>
			<marc:subfield code="c">p. 26</marc:subfield>
		</marc:datafield>
		<marc:datafield ind1=" " ind2=" " tag="590">
			<marc:subfield code="a">RBC has volumes 2 &amp; 4 only.</marc:subfield>
		</marc:datafield>
		<marc:datafield ind1="2" ind2="0" tag="610">
			<marc:subfield code="a">Society of the Cincinnati.</marc:subfield>
		</marc:datafield>
		<marc:datafield ind1=" " ind2="4" tag="650">
			<marc:subfield code="a">CHR 1815</marc:subfield>
		</marc:datafield>
		<marc:datafield ind1="2" ind2=" " tag="710">
			<marc:subfield code="a">Early Novels</marc:subfield>
			<marc:subfield code="5">University of Pennsylvania</marc:subfield>
		</marc:datafield>
		<marc:datafield ind1="2" ind2=" " tag="710">
			<marc:subfield code="a">Collection of British and American Fiction, 1660-1830 (University of Pennsylvania)</marc:subfield>
			<marc:subfield code="9">University of Pennsylvania</marc:subfield>
		</marc:datafield>
		<marc:datafield ind1="0" ind2="2" tag="740">
			<marc:subfield code="a">Cincinnatus. A poem.</marc:subfield>
		</marc:datafield>
		<marc:datafield ind1="1" ind2=" " tag="852">
			<marc:subfield code="b">scrare</marc:subfield>
			<marc:subfield code="h">813</marc:subfield>
			<marc:subfield code="i">B72Mc</marc:subfield>
			<marc:subfield code="x">685908 (v.2), 685909 (v.4)</marc:subfield>
		</marc:datafield>
		<marc:datafield ind1="4" ind2="1" tag="866">
			<marc:subfield code="8">0</marc:subfield>
			<marc:subfield code="a">v.2,4</marc:subfield>
		</marc:datafield>
		<marc:datafield ind1=" " ind2=" " tag="994">
			<marc:subfield code="a">E0</marc:subfield>
			<marc:subfield code="b">PAU</marc:subfield>
		</marc:datafield>
	</marc:record>