
	<marc:record>
		<marc:leader>01213cam a2200313 i 4500</marc:leader>
		<marc:controlfield tag="001">261038</marc:controlfield>
		<marc:controlfield tag="005">20130227134429.0</marc:controlfield>
		<marc:controlfield tag="008">030930s1818    paua          000 0 eng d</marc:controlfield>
		<marc:datafield ind1=" " ind2=" " tag="035">
			<marc:subfield code="a">(PUVoyagerBIBID)3467598</marc:subfield>
		</marc:datafield>
		<marc:datafield ind1=" " ind2=" " tag="035">
			<marc:subfield code="a">(MediadbVoyBIBID)261038</marc:subfield>
		</marc:datafield>
		<marc:datafield ind1=" " ind2=" " tag="035">
			<marc:subfield code="a">(END)ac8_w4187_802g_1818</marc:subfield>
		</marc:datafield>
		<marc:datafield ind1=" " ind2=" " tag="040">
			<marc:subfield code="a">CSt</marc:subfield>
			<marc:subfield code="c">CSt</marc:subfield>
			<marc:subfield code="d">PU</marc:subfield>
		</marc:datafield>
		<marc:datafield ind1=" " ind2=" " tag="043">
			<marc:subfield code="a">n-us-sc</marc:subfield>
		</marc:datafield>
		<marc:datafield ind1="1" ind2="0" tag="100">
			<marc:subfield code="a">Weems, M. L</marc:subfield>
			<marc:subfield code="q">(Mason Locke),</marc:subfield>
			<marc:subfield code="d">1759-1825.</marc:subfield>
		</marc:datafield>
		<marc:datafield ind1="1" ind2="0" tag="245">
			<marc:subfield code="a">God\\\'s revenge against murder, or, The drown\\\'d wife :</marc:subfield>
			<marc:subfield code="b">a tragedy as lately performed ... by Ned Findley ... /</marc:subfield>
			<marc:subfield code="c">by M.L. Weems.</marc:subfield>
		</marc:datafield>
		<marc:datafield ind1="3" ind2="0" tag="246">
			<marc:subfield code="a">Drown\\\'d wife</marc:subfield>
		</marc:datafield>
		<marc:datafield ind1=" " ind2=" " tag="250">
			<marc:subfield code="a">11th ed., enl.</marc:subfield>
		</marc:datafield>
		<marc:datafield ind1="0" ind2=" " tag="260">
			<marc:subfield code="a">Philadelphia :</marc:subfield>
			<marc:subfield code="b">Printed for the author,</marc:subfield>
			<marc:subfield code="c">1818.</marc:subfield>
			<marc:subfield code="a">[Philadelphia]</marc:subfield>
		</marc:datafield>
		<marc:datafield ind1=" " ind2=" " tag="300">
			<marc:subfield code="a">40 p. :</marc:subfield>
			<marc:subfield code="b">ill. ;</marc:subfield>
			<marc:subfield code="c">18 cm.</marc:subfield>
			<marc:subfield code="a">[1 v.]</marc:subfield>
		</marc:datafield>
		<marc:datafield ind1="4" ind2=" " tag="510">
			<marc:subfield code="a">Shaw &amp; Shoemaker</marc:subfield>
			<marc:subfield code="c">46752.</marc:subfield>
		</marc:datafield>
		<marc:datafield ind1="1" ind2="0" tag="600">
			<marc:subfield code="a">Findley, Mary.</marc:subfield>
		</marc:datafield>
		<marc:datafield ind1="1" ind2="0" tag="600">
			<marc:subfield code="a">Findley, Ned.</marc:subfield>
		</marc:datafield>
		<marc:datafield ind1=" " ind2="0" tag="650">
			<marc:subfield code="a">Murder</marc:subfield>
			<marc:subfield code="z">South Carolina.</marc:subfield>
		</marc:datafield>
		<marc:datafield ind1=" " ind2="0" tag="650">
			<marc:subfield code="a">Uxoricide</marc:subfield>
			<marc:subfield code="z">South Carolina.</marc:subfield>
		</marc:datafield>
		<marc:datafield ind1=" " ind2="4" tag="650">
			<marc:subfield code="a">CHR 1818</marc:subfield>
		</marc:datafield>
		<marc:datafield ind1=" " ind2="4" tag="650">
			<marc:subfield code="a">PRO Norris, Charles, Dr. (donor)</marc:subfield>
		</marc:datafield>
		<marc:datafield ind1="2" ind2=" " tag="710">
			<marc:subfield code="a">Early Novels</marc:subfield>
			<marc:subfield code="5">University of Pennsylvania</marc:subfield>
		</marc:datafield>
		<marc:datafield ind1="2" ind2=" " tag="710">
			<marc:subfield code="a">Collection of British and American Fiction, 1660-1830 (University of Pennsylvania)</marc:subfield>
			<marc:subfield code="9">University of Pennsylvania</marc:subfield>
		</marc:datafield>
		<marc:datafield ind1="8" ind2=" " tag="852">
			<marc:subfield code="b">scrare</marc:subfield>
			<marc:subfield code="h">AC8</marc:subfield>
			<marc:subfield code="i">W4187 802g 1818</marc:subfield>
			<marc:subfield code="x">54-734</marc:subfield>
			<marc:subfield code="x">g. Dr. Charles Norris</marc:subfield>
		</marc:datafield>
	</marc:record>