
	<marc:record>
		<marc:leader>01373cam a2200325 i 4500</marc:leader>
		<marc:controlfield tag="001">261047</marc:controlfield>
		<marc:controlfield tag="005">20130215162538.0</marc:controlfield>
		<marc:controlfield tag="008">900802s1816    nyu           000 1 eng d</marc:controlfield>
		<marc:datafield ind1=" " ind2=" " tag="010">
			<marc:subfield code="a">08037792 </marc:subfield>
		</marc:datafield>
		<marc:datafield ind1=" " ind2=" " tag="035">
			<marc:subfield code="a">(PUVoyagerBIBID)3481304</marc:subfield>
		</marc:datafield>
		<marc:datafield ind1=" " ind2=" " tag="035">
			<marc:subfield code="a">(MediadbVoyBIBID)261047</marc:subfield>
		</marc:datafield>
		<marc:datafield ind1=" " ind2=" " tag="035">
			<marc:subfield code="a">(END)813_w875c</marc:subfield>
		</marc:datafield>
		<marc:datafield ind1=" " ind2=" " tag="040">
			<marc:subfield code="a">DLC</marc:subfield>
			<marc:subfield code="c">VA@</marc:subfield>
			<marc:subfield code="d">VA@</marc:subfield>
			<marc:subfield code="d">m/c</marc:subfield>
			<marc:subfield code="d">EMU</marc:subfield>
			<marc:subfield code="d">PU</marc:subfield>
		</marc:datafield>
		<marc:datafield ind1=" " ind2=" " tag="050">
			<marc:subfield code="a">PZ3.W8797</marc:subfield>
			<marc:subfield code="b">C</marc:subfield>
		</marc:datafield>
		<marc:datafield ind1="1" ind2=" " tag="100">
			<marc:subfield code="a">Woodworth, Samuel</marc:subfield>
			<marc:subfield code="d">1784-1842.</marc:subfield>
		</marc:datafield>
		<marc:datafield ind1="1" ind2="4" tag="245">
			<marc:subfield code="a">The champions of freedom, or, The mysterious chief :</marc:subfield>
			<marc:subfield code="b">a romance of the nineteenth century, founded on the events of the war, between the United States and Great Britain, which terminated in March, 1815 /</marc:subfield>
			<marc:subfield code="c">By Samuel Woodworth.</marc:subfield>
		</marc:datafield>
		<marc:datafield ind1="3" ind2="0" tag="246">
			<marc:subfield code="a">Mysterious chief</marc:subfield>
		</marc:datafield>
		<marc:datafield ind1=" " ind2=" " tag="260">
			<marc:subfield code="a">New York :</marc:subfield>
			<marc:subfield code="b">Printed and published by Charles N. Baldwin, Bookseller, No. 49 Division-street,</marc:subfield>
			<marc:subfield code="c">1816.</marc:subfield>
			<marc:subfield code="a">[New York]</marc:subfield>
		</marc:datafield>
		<marc:datafield ind1=" " ind2=" " tag="300">
			<marc:subfield code="a">2 v. ;</marc:subfield>
			<marc:subfield code="c">18 cm.</marc:subfield>
			<marc:subfield code="a">[2 v.]</marc:subfield>
		</marc:datafield>
		<marc:datafield ind1="4" ind2=" " tag="510">
			<marc:subfield code="a">Shaw &amp; Shoemaker</marc:subfield>
			<marc:subfield code="c">39861</marc:subfield>
		</marc:datafield>
		<marc:datafield ind1="4" ind2=" " tag="510">
			<marc:subfield code="a">Sabin</marc:subfield>
			<marc:subfield code="c">105179</marc:subfield>
		</marc:datafield>
		<marc:datafield ind1="4" ind2=" " tag="510">
			<marc:subfield code="a">Wright, L.H. Amer. fiction, 1774-1850 (2nd ed.),</marc:subfield>
			<marc:subfield code="c">2760</marc:subfield>
		</marc:datafield>
		<marc:datafield ind1=" " ind2=" " tag="590">
			<marc:subfield code="a">Volume 2 wanting.</marc:subfield>
		</marc:datafield>
		<marc:datafield ind1=" " ind2="4" tag="650">
			<marc:subfield code="a">CHR 1816</marc:subfield>
		</marc:datafield>
		<marc:datafield ind1=" " ind2="0" tag="651">
			<marc:subfield code="a">United States</marc:subfield>
			<marc:subfield code="x">History</marc:subfield>
			<marc:subfield code="y">War of 1812</marc:subfield>
			<marc:subfield code="v">Fiction.</marc:subfield>
		</marc:datafield>
		<marc:datafield ind1="2" ind2=" " tag="710">
			<marc:subfield code="a">Early Novels</marc:subfield>
			<marc:subfield code="5">University of Pennsylvania</marc:subfield>
		</marc:datafield>
		<marc:datafield ind1="2" ind2=" " tag="710">
			<marc:subfield code="a">Collection of British and American Fiction, 1660-1830 (University of Pennsylvania)</marc:subfield>
			<marc:subfield code="9">University of Pennsylvania</marc:subfield>
		</marc:datafield>
		<marc:datafield ind1="1" ind2=" " tag="852">
			<marc:subfield code="b">scrare</marc:subfield>
			<marc:subfield code="h">813</marc:subfield>
			<marc:subfield code="i">W875C</marc:subfield>
			<marc:subfield code="x">753605</marc:subfield>
			<marc:subfield code="x">g. Tuttle Co.</marc:subfield>
		</marc:datafield>
		<marc:datafield ind1="4" ind2="1" tag="866">
			<marc:subfield code="8">0</marc:subfield>
			<marc:subfield code="a">v.1</marc:subfield>
		</marc:datafield>
		<marc:datafield ind1=" " ind2=" " tag="998">
			<marc:subfield code="s">9665</marc:subfield>
		</marc:datafield>
	</marc:record>