
	<marc:record>
		<marc:leader>01471cam a2200337 a 4500</marc:leader>
		<marc:controlfield tag="001">261055</marc:controlfield>
		<marc:controlfield tag="005">20130314153516.0</marc:controlfield>
		<marc:controlfield tag="008">871028s1819    enkaf         000 p eng d</marc:controlfield>
		<marc:datafield ind1=" " ind2=" " tag="035">
			<marc:subfield code="a">(PUVoyagerBIBID)3490414</marc:subfield>
		</marc:datafield>
		<marc:datafield ind1=" " ind2=" " tag="035">
			<marc:subfield code="a">(MediadbVoyBIBID)261055</marc:subfield>
		</marc:datafield>
		<marc:datafield ind1=" " ind2=" " tag="035">
			<marc:subfield code="a">(END)823_l626</marc:subfield>
		</marc:datafield>
		<marc:datafield ind1=" " ind2=" " tag="040">
			<marc:subfield code="a">LNT</marc:subfield>
			<marc:subfield code="c">*TRN*</marc:subfield>
			<marc:subfield code="d">MH-H</marc:subfield>
			<marc:subfield code="d">CStRLIN</marc:subfield>
			<marc:subfield code="d">PAU</marc:subfield>
		</marc:datafield>
		<marc:datafield ind1="0" ind2=" " tag="100">
			<marc:subfield code="a">Author of The Greeks</marc:subfield>
		</marc:datafield>
		<marc:datafield ind1="1" ind2="0" tag="245">
			<marc:subfield code="a">Life high &amp; low /</marc:subfield>
			<marc:subfield code="c">by the author of The Greeks, Pigeons, Fashion, To night, Ton, Modern belles, Modern beaux, Dress and address, &amp;c. ; embellished with humorous coloured plates.</marc:subfield>
		</marc:datafield>
		<marc:datafield ind1="3" ind2=" " tag="246">
			<marc:subfield code="a">Life high and low</marc:subfield>
		</marc:datafield>
		<marc:datafield ind1=" " ind2=" " tag="250">
			<marc:subfield code="a">Third edition.</marc:subfield>
			<marc:subfield code="b">Third edition.</marc:subfield>
		</marc:datafield>
		<marc:datafield ind1=" " ind2=" " tag="260">
			<marc:subfield code="a">London :</marc:subfield>
			<marc:subfield code="b">Printed for J.J. Stockdale,</marc:subfield>
			<marc:subfield code="c">1819.</marc:subfield>
			<marc:subfield code="a">[London]</marc:subfield>
		</marc:datafield>
		<marc:datafield ind1=" " ind2=" " tag="300">
			<marc:subfield code="a">viii, [13]-218 p., [6] leaves of plates :</marc:subfield>
			<marc:subfield code="b">col. ill. ;</marc:subfield>
			<marc:subfield code="c">19 cm.</marc:subfield>
			<marc:subfield code="a">[1 v.]</marc:subfield>
		</marc:datafield>
		<marc:datafield ind1=" " ind2=" " tag="500">
			<marc:subfield code="a">In verse.</marc:subfield>
		</marc:datafield>
		<marc:datafield ind1=" " ind2=" " tag="500">
			<marc:subfield code="a">The plates are hand-colored etchings signed: Williams.</marc:subfield>
		</marc:datafield>
		<marc:datafield ind1=" " ind2=" " tag="500">
			<marc:subfield code="a">One leaf of advertisements at end.</marc:subfield>
		</marc:datafield>
		<marc:datafield ind1=" " ind2=" " tag="500">
			<marc:subfield code="a">Page 66 misnumbered 6.</marc:subfield>
		</marc:datafield>
		<marc:datafield ind1=" " ind2=" " tag="500">
			<marc:subfield code="a">Edition statement at head of title.</marc:subfield>
		</marc:datafield>
		<marc:datafield ind1=" " ind2="4" tag="650">
			<marc:subfield code="a">CHR 1819</marc:subfield>
		</marc:datafield>
		<marc:datafield ind1=" " ind2="0" tag="651">
			<marc:subfield code="a">Great Britain</marc:subfield>
			<marc:subfield code="x">Social life and customs</marc:subfield>
			<marc:subfield code="y">19th century</marc:subfield>
			<marc:subfield code="v">Humor.</marc:subfield>
		</marc:datafield>
		<marc:datafield ind1=" " ind2="7" tag="656">
			<marc:subfield code="a">Advertisements</marc:subfield>
			<marc:subfield code="z">Great Britain</marc:subfield>
			<marc:subfield code="z">London</marc:subfield>
			<marc:subfield code="y">19th century.</marc:subfield>
			<marc:subfield code="2">rbgenr</marc:subfield>
		</marc:datafield>
		<marc:datafield ind1="1" ind2=" " tag="700">
			<marc:subfield code="a">Williams, C.,</marc:subfield>
			<marc:subfield code="d">fl. 1797-1820,</marc:subfield>
			<marc:subfield code="e">ill.</marc:subfield>
		</marc:datafield>
		<marc:datafield ind1="2" ind2=" " tag="710">
			<marc:subfield code="a">Early Novels</marc:subfield>
			<marc:subfield code="5">University of Pennsylvania</marc:subfield>
		</marc:datafield>
		<marc:datafield ind1="2" ind2=" " tag="710">
			<marc:subfield code="a">Collection of British and American Fiction, 1660-1830 (University of Pennsylvania)</marc:subfield>
			<marc:subfield code="9">University of Pennsylvania</marc:subfield>
		</marc:datafield>
		<marc:datafield ind1="1" ind2=" " tag="852">
			<marc:subfield code="b">scrare</marc:subfield>
			<marc:subfield code="h">823</marc:subfield>
			<marc:subfield code="i">L626</marc:subfield>
			<marc:subfield code="x">317920</marc:subfield>
		</marc:datafield>
		<marc:datafield ind1=" " ind2=" " tag="998">
			<marc:subfield code="s">9115</marc:subfield>
		</marc:datafield>
	</marc:record>