
	<marc:record>
		<marc:leader>02803cam a2200397 i 4500</marc:leader>
		<marc:controlfield tag="001">261057</marc:controlfield>
		<marc:controlfield tag="005">20111123151237.0</marc:controlfield>
		<marc:controlfield tag="008">790719m17411746ie            000 0 eng d</marc:controlfield>
		<marc:datafield ind1=" " ind2=" " tag="035">
			<marc:subfield code="a">(PUVoyagerBIBID)3505146</marc:subfield>
		</marc:datafield>
		<marc:datafield ind1=" " ind2=" " tag="035">
			<marc:subfield code="a">(MediadbVoyBIBID)261057</marc:subfield>
		</marc:datafield>
		<marc:datafield ind1=" " ind2=" " tag="035">
			<marc:subfield code="a">(END)rbc_pr3721_f26_1741</marc:subfield>
		</marc:datafield>
		<marc:datafield ind1=" " ind2=" " tag="040">
			<marc:subfield code="a">Uk-ES</marc:subfield>
			<marc:subfield code="c">Uk-ES</marc:subfield>
			<marc:subfield code="d">CStRLIN</marc:subfield>
			<marc:subfield code="d">PU</marc:subfield>
		</marc:datafield>
		<marc:datafield ind1=" " ind2="4" tag="050">
			<marc:subfield code="a">PR3721</marc:subfield>
			<marc:subfield code="b">.F26 1741</marc:subfield>
		</marc:datafield>
		<marc:datafield ind1="1" ind2=" " tag="100">
			<marc:subfield code="a">Swift, Jonathan</marc:subfield>
			<marc:subfield code="d">1667-1745.</marc:subfield>
		</marc:datafield>
		<marc:datafield ind1="0" ind2="4" tag="245">
			<marc:subfield code="a">The works of Jonathan Swift, D.D, D.S.P.D. in eight volumes :</marc:subfield>
			<marc:subfield code="b">Containing, I. His miscellanies in prose. II. His poetical writings. III. The travels of Capt. Lemuel Gulliver. IV. Papers relating to Ireland, and the Drapier\\\'s letters. V. The conduct of the allies, and the Examiners. VI. The publick spirit of the Whiggs, &amp;c. with Polite conversation. VII. Letters to and from Dr. Swift. VIII: Directions to servants, sermons, poems, &amp;c.</marc:subfield>
		</marc:datafield>
		<marc:datafield ind1=" " ind2=" " tag="260">
			<marc:subfield code="a">Dublin :</marc:subfield>
			<marc:subfield code="b">Printed by George Faulkner,</marc:subfield>
			<marc:subfield code="c">1741-1746.</marc:subfield>
			<marc:subfield code="a">[Dublin]</marc:subfield>
		</marc:datafield>
		<marc:datafield ind1=" " ind2=" " tag="300">
			<marc:subfield code="a">8 v. :</marc:subfield>
			<marc:subfield code="b">ill., maps, ports. ;</marc:subfield>
			<marc:subfield code="c">20 cm. (8vo)</marc:subfield>
			<marc:subfield code="a">[8 v.]</marc:subfield>
		</marc:datafield>
		<marc:datafield ind1=" " ind2=" " tag="500">
			<marc:subfield code="a">Edited by George Faulkner.</marc:subfield>
		</marc:datafield>
		<marc:datafield ind1=" " ind2=" " tag="500">
			<marc:subfield code="a">The general titlepage is dated 1746; the separate titlepages to vols. 5 and 6 are dated 1741; vols. 1 and 4, 1742; vol. 3, 1743; vol. 2, 1744; and vols. 7 and 8, 1746.</marc:subfield>
		</marc:datafield>
		<marc:datafield ind1=" " ind2=" " tag="500">
			<marc:subfield code="a">Vol. 7, being a reissue of \\\'Letters to and from Dr. J. Swift\\\', Dublin, 1741, had both its initial advertisement leaf and titlepage cancelled and a 1746 titlepage placed in their place.</marc:subfield>
		</marc:datafield>
		<marc:datafield ind1=" " ind2=" " tag="500">
			<marc:subfield code="a">Vol. 8, Teerink-Scouten\\\'s ""first issue"", in this set has the ""M"" of its imprint date, ""M,DCC,LVI"", larger than the rest of the letters. Teerink-Scouten\\\'s ""second issue"" of vol. 8 has the imprint date letters in the same height. In both issues R4 is a cancel."</marc:subfield>
		</marc:datafield>
		<marc:datafield ind1=" " ind2=" " tag="500">
			<marc:subfield code="a">\\\'Some free thoughts upon the present state of affairs\\\' in vol. 7, and \\\'Directions to servants\\\' in vol. 8 were also issued separately.</marc:subfield>
		</marc:datafield>
		<marc:datafield ind1=" " ind2=" " tag="510">
			<marc:subfield code="a">Teerink-Scouten</marc:subfield>
			<marc:subfield code="c">44</marc:subfield>
		</marc:datafield>
		<marc:datafield ind1="4" ind2=" " tag="510">
			<marc:subfield code="a">ESTC</marc:subfield>
			<marc:subfield code="c">T52746</marc:subfield>
		</marc:datafield>
		<marc:datafield ind1=" " ind2=" " tag="590">
			<marc:subfield code="a">Volume 6 (copy 1) has date of 1738 on the titlepage --see Teerink 42. Volume 8 (copy 1) is second issue --see ESTCT228839. Volume 8 (copy 1) is first issue.</marc:subfield>
		</marc:datafield>
		<marc:datafield ind1=" " ind2=" " tag="590">
			<marc:subfield code="a">Volume 1 (copy 2) has no general titlepage. --see Teerink 43. Volume 7 (copy 2) has initial advertisement leaf and titlepage, not cancelled.</marc:subfield>
		</marc:datafield>
		<marc:datafield ind1=" " ind2="4" tag="650">
			<marc:subfield code="a">CHR 1741-1746</marc:subfield>
		</marc:datafield>
		<marc:datafield ind1=" " ind2="4" tag="650">
			<marc:subfield code="a">PRO Faulkner, George (autograph) (copy 1)</marc:subfield>
		</marc:datafield>
		<marc:datafield ind1=" " ind2="4" tag="650">
			<marc:subfield code="a">PRO Phillips, Guy (bookplate) (copy 1)</marc:subfield>
		</marc:datafield>
		<marc:datafield ind1=" " ind2="4" tag="650">
			<marc:subfield code="a">PRO Currie, Laurence (bookplate) (copy 1)</marc:subfield>
		</marc:datafield>
		<marc:datafield ind1=" " ind2="4" tag="650">
			<marc:subfield code="a">PRO Cubbit, Frank (bookplate) (copy 2)</marc:subfield>
		</marc:datafield>
		<marc:datafield ind1="2" ind2=" " tag="710">
			<marc:subfield code="a">Early Novels</marc:subfield>
			<marc:subfield code="5">University of Pennsylvania</marc:subfield>
		</marc:datafield>
		<marc:datafield ind1="2" ind2=" " tag="710">
			<marc:subfield code="a">Collection of British and American Fiction, 1660-1830 (University of Pennsylvania)</marc:subfield>
			<marc:subfield code="9">University of Pennsylvania</marc:subfield>
		</marc:datafield>
		<marc:datafield ind1="0" ind2=" " tag="852">
			<marc:subfield code="b">scteer</marc:subfield>
			<marc:subfield code="h">PR3721</marc:subfield>
			<marc:subfield code="i">.F26 1741</marc:subfield>
			<marc:subfield code="x">recl. fr. EC7 Sw555 C746w</marc:subfield>
		</marc:datafield>
		<marc:datafield ind1="4" ind2="1" tag="866">
			<marc:subfield code="8">0</marc:subfield>
			<marc:subfield code="a">v.1-8</marc:subfield>
		</marc:datafield>
		<marc:datafield ind1=" " ind2=" " tag="998">
			<marc:subfield code="s">9665</marc:subfield>
		</marc:datafield>
	</marc:record>