
	<marc:record>
		<marc:leader>01258cam a2200289 i 4500</marc:leader>
		<marc:controlfield tag="001">261060</marc:controlfield>
		<marc:controlfield tag="005">20130214173349.0</marc:controlfield>
		<marc:controlfield tag="008">800220s1814    mauaf         000 1 eng d</marc:controlfield>
		<marc:datafield ind1=" " ind2=" " tag="035">
			<marc:subfield code="a">(PUVoyagerBIBID)3514349</marc:subfield>
		</marc:datafield>
		<marc:datafield ind1=" " ind2=" " tag="035">
			<marc:subfield code="a">(MediadbVoyBIBID)261060</marc:subfield>
		</marc:datafield>
		<marc:datafield ind1=" " ind2=" " tag="035">
			<marc:subfield code="a">(END)fc8_c3960_eg802b_1814</marc:subfield>
		</marc:datafield>
		<marc:datafield ind1=" " ind2=" " tag="040">
			<marc:subfield code="a">VPI</marc:subfield>
			<marc:subfield code="c">VPI</marc:subfield>
			<marc:subfield code="d">OCL</marc:subfield>
			<marc:subfield code="d">NF{dollar}</marc:subfield>
			<marc:subfield code="d">OCLCQ</marc:subfield>
		</marc:datafield>
		<marc:datafield ind1="1" ind2=" " tag="041">
			<marc:subfield code="a">eng</marc:subfield>
			<marc:subfield code="h">fre</marc:subfield>
		</marc:datafield>
		<marc:datafield ind1=" " ind2="4" tag="050">
			<marc:subfield code="a">PQ2205.A8</marc:subfield>
			<marc:subfield code="b">E5 1814</marc:subfield>
		</marc:datafield>
		<marc:datafield ind1="1" ind2=" " tag="100">
			<marc:subfield code="a">Chateaubriand, FrancÃßois-ReneÃÅ</marc:subfield>
			<marc:subfield code="c">vicomte de,</marc:subfield>
			<marc:subfield code="d">1768-1848.</marc:subfield>
		</marc:datafield>
		<marc:datafield ind1="1" ind2="0" tag="245">
			<marc:subfield code="a">Atala :</marc:subfield>
			<marc:subfield code="b">or, The love and constancy of two savages in the desert /</marc:subfield>
			<marc:subfield code="c">translated from the French of F.A. Chateaubriand by Caleb Bingham.</marc:subfield>
		</marc:datafield>
		<marc:datafield ind1="3" ind2="0" tag="246">
			<marc:subfield code="a">Love and constancy of two savages in the desert</marc:subfield>
		</marc:datafield>
		<marc:datafield ind1=" " ind2=" " tag="250">
			<marc:subfield code="a">Second edition.</marc:subfield>
			<marc:subfield code="b">Second Edition.</marc:subfield>
		</marc:datafield>
		<marc:datafield ind1=" " ind2=" " tag="260">
			<marc:subfield code="a">Boston :</marc:subfield>
			<marc:subfield code="b">Printed by Samuel T. Armstrong for Caleb Bingham,</marc:subfield>
			<marc:subfield code="c">1814.</marc:subfield>
			<marc:subfield code="a">[Boston]</marc:subfield>
		</marc:datafield>
		<marc:datafield ind1=" " ind2=" " tag="300">
			<marc:subfield code="a">178 p., [1] leaf of plates :</marc:subfield>
			<marc:subfield code="b">ill. ;</marc:subfield>
			<marc:subfield code="c">19.5 cm.</marc:subfield>
			<marc:subfield code="a">[1 v.]</marc:subfield>
		</marc:datafield>
		<marc:datafield ind1="4" ind2=" " tag="510">
			<marc:subfield code="a">Shaw &amp; Shoemaker</marc:subfield>
			<marc:subfield code="c">31134</marc:subfield>
		</marc:datafield>
		<marc:datafield ind1=" " ind2="4" tag="650">
			<marc:subfield code="a">CHR 1814</marc:subfield>
		</marc:datafield>
		<marc:datafield ind1="1" ind2=" " tag="700">
			<marc:subfield code="a">Bingham, Caleb,</marc:subfield>
			<marc:subfield code="d">1757-1817.</marc:subfield>
		</marc:datafield>
		<marc:datafield ind1="2" ind2=" " tag="710">
			<marc:subfield code="a">Early Novels</marc:subfield>
			<marc:subfield code="5">University of Pennsylvania</marc:subfield>
		</marc:datafield>
		<marc:datafield ind1="2" ind2=" " tag="710">
			<marc:subfield code="a">Collection of British and American Fiction, 1660-1830 (University of Pennsylvania)</marc:subfield>
			<marc:subfield code="9">University of Pennsylvania</marc:subfield>
		</marc:datafield>
		<marc:datafield ind1="8" ind2=" " tag="852">
			<marc:subfield code="b">scrare</marc:subfield>
			<marc:subfield code="h">FC8</marc:subfield>
			<marc:subfield code="i">C3960 Eg802b 1814</marc:subfield>
			<marc:subfield code="x">1961(A18023) BA Rare</marc:subfield>
			<marc:subfield code="x">61-270</marc:subfield>
		</marc:datafield>
		<marc:datafield ind1=" " ind2=" " tag="994">
			<marc:subfield code="a">E0</marc:subfield>
			<marc:subfield code="b">PAU</marc:subfield>
		</marc:datafield>
	</marc:record>