
	<marc:record>
		<marc:leader>01315cam a2200289 a 4500</marc:leader>
		<marc:controlfield tag="001">261064</marc:controlfield>
		<marc:controlfield tag="005">20130321171613.0</marc:controlfield>
		<marc:controlfield tag="008">961017s1818    nyu    j      000 1 eng d</marc:controlfield>
		<marc:datafield ind1=" " ind2=" " tag="035">
			<marc:subfield code="a">(PUVoyagerBIBID)3571294</marc:subfield>
		</marc:datafield>
		<marc:datafield ind1=" " ind2=" " tag="035">
			<marc:subfield code="a">(CStRLIN)MAHGBIW52562-B</marc:subfield>
		</marc:datafield>
		<marc:datafield ind1=" " ind2=" " tag="035">
			<marc:subfield code="a">(MediadbVoyBIBID)261064</marc:subfield>
		</marc:datafield>
		<marc:datafield ind1=" " ind2=" " tag="035">
			<marc:subfield code="a">(END)pz6_m364_t43_1824</marc:subfield>
		</marc:datafield>
		<marc:datafield ind1=" " ind2=" " tag="040">
			<marc:subfield code="a">MH</marc:subfield>
			<marc:subfield code="c">MH</marc:subfield>
			<marc:subfield code="d">CStRLIN</marc:subfield>
			<marc:subfield code="d">PU</marc:subfield>
		</marc:datafield>
		<marc:datafield ind1="0" ind2=" " tag="100">
			<marc:subfield code="a">Sabbath school teacher</marc:subfield>
		</marc:datafield>
		<marc:datafield ind1="1" ind2="2" tag="245">
			<marc:subfield code="a">A visit to a Sabbath evening school :</marc:subfield>
			<marc:subfield code="b">a narrative for children /</marc:subfield>
			<marc:subfield code="c">by a Sabbath school teacher.</marc:subfield>
		</marc:datafield>
		<marc:datafield ind1=" " ind2=" " tag="260">
			<marc:subfield code="a">New York :</marc:subfield>
			<marc:subfield code="b">P.W. Gallaudet,</marc:subfield>
			<marc:subfield code="c">1818</marc:subfield>
			<marc:subfield code="e">([New York] :</marc:subfield>
			<marc:subfield code="f">Birch and Kelley, printers)</marc:subfield>
			<marc:subfield code="a">[New York]</marc:subfield>
		</marc:datafield>
		<marc:datafield ind1=" " ind2=" " tag="300">
			<marc:subfield code="a">36 p. ;</marc:subfield>
			<marc:subfield code="c">14 cm.</marc:subfield>
			<marc:subfield code="a">[1 v.]</marc:subfield>
		</marc:datafield>
		<marc:datafield ind1=" " ind2=" " tag="590">
			<marc:subfield code="a">Bound with: Marks, Richard.  The thatcher\\\'s wife, or, An account of Mary Camps.  Philadelphia : Sunday and Adult School Union, 1824.  [Item 9 of 10]</marc:subfield>
		</marc:datafield>
		<marc:datafield ind1=" " ind2="0" tag="650">
			<marc:subfield code="a">Sunday schools</marc:subfield>
			<marc:subfield code="v">Juvenile literature.</marc:subfield>
		</marc:datafield>
		<marc:datafield ind1=" " ind2="4" tag="650">
			<marc:subfield code="a">CHR 1818</marc:subfield>
		</marc:datafield>
		<marc:datafield ind1="1" ind2=" " tag="700">
			<marc:subfield code="a">Gallaudet, Peter Wallace,</marc:subfield>
			<marc:subfield code="d">1756-1843,</marc:subfield>
			<marc:subfield code="e">publisher.</marc:subfield>
		</marc:datafield>
		<marc:datafield ind1="2" ind2=" " tag="710">
			<marc:subfield code="a">Early Novels</marc:subfield>
			<marc:subfield code="5">University of Pennsylvania</marc:subfield>
		</marc:datafield>
		<marc:datafield ind1="2" ind2=" " tag="710">
			<marc:subfield code="a">Birch &amp; Kelley,</marc:subfield>
			<marc:subfield code="e">printer.</marc:subfield>
		</marc:datafield>
		<marc:datafield ind1="2" ind2=" " tag="710">
			<marc:subfield code="a">Collection of British and American Fiction, 1660-1830 (University of Pennsylvania)</marc:subfield>
			<marc:subfield code="9">University of Pennsylvania</marc:subfield>
		</marc:datafield>
		<marc:datafield ind1=" " ind2=" " tag="752">
			<marc:subfield code="a">United States</marc:subfield>
			<marc:subfield code="b">New York</marc:subfield>
			<marc:subfield code="d">New York.</marc:subfield>
		</marc:datafield>
		<marc:datafield ind1="0" ind2=" " tag="852">
			<marc:subfield code="b">scrare</marc:subfield>
			<marc:subfield code="h">PZ6.M364</marc:subfield>
			<marc:subfield code="i">T43 1824</marc:subfield>
			<marc:subfield code="x">551732</marc:subfield>
			<marc:subfield code="x">Recl. &amp; tr. fr. vanp 259/P534 v.1</marc:subfield>
		</marc:datafield>
		<marc:datafield ind1=" " ind2=" " tag="998">
			<marc:subfield code="s">9555</marc:subfield>
		</marc:datafield>
	</marc:record>