
	<marc:record>
		<marc:leader>02029cam a2200385 a 4500</marc:leader>
		<marc:controlfield tag="001">261073</marc:controlfield>
		<marc:controlfield tag="005">20130404180332.0</marc:controlfield>
		<marc:controlfield tag="008">900927s1813    dcu           000 1 eng d</marc:controlfield>
		<marc:datafield ind1=" " ind2=" " tag="035">
			<marc:subfield code="a">(PUVoyagerBIBID)3766140</marc:subfield>
		</marc:datafield>
		<marc:datafield ind1=" " ind2=" " tag="035">
			<marc:subfield code="a">(MediadbVoyBIBID)261073</marc:subfield>
		</marc:datafield>
		<marc:datafield ind1=" " ind2=" " tag="035">
			<marc:subfield code="a">(END)fc8_g2877_808s_1813</marc:subfield>
		</marc:datafield>
		<marc:datafield ind1=" " ind2=" " tag="040">
			<marc:subfield code="a">PPL</marc:subfield>
			<marc:subfield code="c">PPL</marc:subfield>
			<marc:subfield code="e">bdrb</marc:subfield>
			<marc:subfield code="d">PU</marc:subfield>
		</marc:datafield>
		<marc:datafield ind1="1" ind2=" " tag="041">
			<marc:subfield code="a">eng</marc:subfield>
			<marc:subfield code="h">fre</marc:subfield>
		</marc:datafield>
		<marc:datafield ind1="1" ind2="0" tag="100">
			<marc:subfield code="a">Genlis, SteÃÅphanie FeÃÅliciteÃÅ</marc:subfield>
			<marc:subfield code="c">comtesse de,</marc:subfield>
			<marc:subfield code="d">1746-1830.</marc:subfield>
		</marc:datafield>
		<marc:datafield ind1="0" ind2="0" tag="245">
			<marc:subfield code="a">Sainclair, or The victim to the arts and sciences, and Hortense, or The victim to novels and travel :</marc:subfield>
			<marc:subfield code="b">A novel, in two volumes /</marc:subfield>
			<marc:subfield code="c">Translated from the French of Madame de Genlis by Archibald Haralson ; To which is prefixed, a tale of the celebrated M. Florian, entitled Claudine, or The Savoyarde.</marc:subfield>
		</marc:datafield>
		<marc:datafield ind1="3" ind2="0" tag="246">
			<marc:subfield code="a">Hortense, or The victim to novels and travel</marc:subfield>
		</marc:datafield>
		<marc:datafield ind1="3" ind2="0" tag="246">
			<marc:subfield code="a">Claudine, or The Savoyarde</marc:subfield>
		</marc:datafield>
		<marc:datafield ind1="3" ind2="0" tag="246">
			<marc:subfield code="a">Victim to the arts and sciences</marc:subfield>
		</marc:datafield>
		<marc:datafield ind1="3" ind2="0" tag="246">
			<marc:subfield code="a">Victim to novels and travel</marc:subfield>
		</marc:datafield>
		<marc:datafield ind1="3" ind2="0" tag="246">
			<marc:subfield code="a">Savoyarde</marc:subfield>
		</marc:datafield>
		<marc:datafield ind1="0" ind2=" " tag="260">
			<marc:subfield code="a">Georgetown :</marc:subfield>
			<marc:subfield code="b">Published by Richards and Mallory, for M. Carey, M. Thomas [and 3 others] ;</marc:subfield>
			<marc:subfield code="a">Philadelphia :</marc:subfield>
			<marc:subfield code="b">Eastburn, Kirk and Co.</marc:subfield>
			<marc:subfield code="a">New York :</marc:subfield>
			<marc:subfield code="b">E. Duyckinck ;</marc:subfield>
			<marc:subfield code="a">Baltimore :</marc:subfield>
			<marc:subfield code="b">Edward J. Coale, and J. Cushing,</marc:subfield>
			<marc:subfield code="c">November, 1813.</marc:subfield>
			<marc:subfield code="a">[Georgetown]</marc:subfield>
		</marc:datafield>
		<marc:datafield ind1=" " ind2=" " tag="300">
			<marc:subfield code="a">x, [2], [13]-246 p. ;</marc:subfield>
			<marc:subfield code="c">20 cm. (12mo)</marc:subfield>
			<marc:subfield code="a">[1 v.]</marc:subfield>
		</marc:datafield>
		<marc:datafield ind1=" " ind2=" " tag="500">
			<marc:subfield code="a">Signatures: A-U⁶ X⁴</marc:subfield>
		</marc:datafield>
		<marc:datafield ind1=" " ind2=" " tag="500">
			<marc:subfield code="a">Hortense and Claudine have separate title pages.</marc:subfield>
		</marc:datafield>
		<marc:datafield ind1=" " ind2=" " tag="500">
			<marc:subfield code="a">Advertisement for Richards and Mallory back board.</marc:subfield>
		</marc:datafield>
		<marc:datafield ind1="4" ind2=" " tag="510">
			<marc:subfield code="a">Shaw &amp; Shoemaker</marc:subfield>
			<marc:subfield code="c">28608.</marc:subfield>
		</marc:datafield>
		<marc:datafield ind1="4" ind2=" " tag="510">
			<marc:subfield code="a">Clarkin, W.  M. Carey bib.</marc:subfield>
			<marc:subfield code="c">745</marc:subfield>
		</marc:datafield>
		<marc:datafield ind1=" " ind2="4" tag="650">
			<marc:subfield code="a">CHR 1813</marc:subfield>
		</marc:datafield>
		<marc:datafield ind1="1" ind2="0" tag="700">
			<marc:subfield code="a">Haralson, Archibald.</marc:subfield>
		</marc:datafield>
		<marc:datafield ind1="1" ind2="2" tag="700">
			<marc:subfield code="a">Florian,</marc:subfield>
			<marc:subfield code="d">1755-1794.</marc:subfield>
			<marc:subfield code="t">Claudine, or The Savoyarde.</marc:subfield>
		</marc:datafield>
		<marc:datafield ind1="1" ind2="2" tag="700">
			<marc:subfield code="a">Genlis, Stéphanie Félicité,</marc:subfield>
			<marc:subfield code="c">comtesse de,</marc:subfield>
			<marc:subfield code="d">1746-1830.</marc:subfield>
			<marc:subfield code="t">Hortense, or The victim to novels and travel.</marc:subfield>
		</marc:datafield>
		<marc:datafield ind1="2" ind2=" " tag="710">
			<marc:subfield code="a">Early Novels</marc:subfield>
			<marc:subfield code="5">University of Pennsylvania</marc:subfield>
		</marc:datafield>
		<marc:datafield ind1="2" ind2=" " tag="710">
			<marc:subfield code="a">Collection of British and American Fiction, 1660-1830 (University of Pennsylvania)</marc:subfield>
			<marc:subfield code="9">University of Pennsylvania</marc:subfield>
		</marc:datafield>
		<marc:datafield ind1="8" ind2=" " tag="852">
			<marc:subfield code="b">scrare</marc:subfield>
			<marc:subfield code="h">FC8</marc:subfield>
			<marc:subfield code="i">G2877 808s 1813</marc:subfield>
			<marc:subfield code="x">1947(45157) BA Rare books</marc:subfield>
		</marc:datafield>
		<marc:datafield ind1=" " ind2=" " tag="998">
			<marc:subfield code="s">9114</marc:subfield>
		</marc:datafield>
	</marc:record>