
	<marc:record>
		<marc:leader>01180cam a2200289 i 4500</marc:leader>
		<marc:controlfield tag="001">261074</marc:controlfield>
		<marc:controlfield tag="005">20130221172813.0</marc:controlfield>
		<marc:controlfield tag="008">950710s1815    vtu           000 1 eng d</marc:controlfield>
		<marc:datafield ind1=" " ind2=" " tag="035">
			<marc:subfield code="a">(PUVoyagerBIBID)3766166</marc:subfield>
		</marc:datafield>
		<marc:datafield ind1=" " ind2=" " tag="035">
			<marc:subfield code="a">(MediadbVoyBIBID)261074</marc:subfield>
		</marc:datafield>
		<marc:datafield ind1=" " ind2=" " tag="035">
			<marc:subfield code="a">(END)fc75_c8284_eg815e</marc:subfield>
		</marc:datafield>
		<marc:datafield ind1=" " ind2=" " tag="040">
			<marc:subfield code="a">NIC</marc:subfield>
			<marc:subfield code="c">NIC</marc:subfield>
			<marc:subfield code="d">PU</marc:subfield>
		</marc:datafield>
		<marc:datafield ind1="1" ind2=" " tag="041">
			<marc:subfield code="a">eng</marc:subfield>
			<marc:subfield code="h">fre</marc:subfield>
		</marc:datafield>
		<marc:datafield ind1="1" ind2=" " tag="100">
			<marc:subfield code="a">Cottin</marc:subfield>
			<marc:subfield code="c">Madame</marc:subfield>
			<marc:subfield code="q">(Sophie),</marc:subfield>
			<marc:subfield code="d">1770-1807.</marc:subfield>
		</marc:datafield>
		<marc:datafield ind1="0" ind2="0" tag="240">
			<marc:subfield code="a">Elisabeth.</marc:subfield>
			<marc:subfield code="l">English</marc:subfield>
		</marc:datafield>
		<marc:datafield ind1="1" ind2="0" tag="245">
			<marc:subfield code="a">Elizabeth, or, The exiles of Siberia :</marc:subfield>
			<marc:subfield code="b">A tale founded upon facts /</marc:subfield>
			<marc:subfield code="c">From the French of Madame Cottin.</marc:subfield>
		</marc:datafield>
		<marc:datafield ind1="3" ind2="0" tag="246">
			<marc:subfield code="a">Exiles of Siberia.</marc:subfield>
		</marc:datafield>
		<marc:datafield ind1=" " ind2=" " tag="260">
			<marc:subfield code="a">Windsor [Vt.] :</marc:subfield>
			<marc:subfield code="b">Published by P. Merrifield, Eddy and Patrick, printers,</marc:subfield>
			<marc:subfield code="c">1815.</marc:subfield>
			<marc:subfield code="a">[Windsor, VT]</marc:subfield>
		</marc:datafield>
		<marc:datafield ind1=" " ind2=" " tag="300">
			<marc:subfield code="a">174 [i.e. 175], [1] p. ;</marc:subfield>
			<marc:subfield code="c">11 cm.</marc:subfield>
			<marc:subfield code="a">[1 v.]</marc:subfield>
		</marc:datafield>
		<marc:datafield ind1=" " ind2=" " tag="500">
			<marc:subfield code="a">Translation of: Elisabeth, ou, Les exilés de Sibére.</marc:subfield>
		</marc:datafield>
		<marc:datafield ind1=" " ind2=" " tag="500">
			<marc:subfield code="a">P. 95 incorrectly marked 73; p. 96 repeated in pagination.</marc:subfield>
		</marc:datafield>
		<marc:datafield ind1="4" ind2=" " tag="510">
			<marc:subfield code="a">Shaw &amp; Shoemaker</marc:subfield>
			<marc:subfield code="c">34458.</marc:subfield>
		</marc:datafield>
		<marc:datafield ind1=" " ind2="4" tag="650">
			<marc:subfield code="a">CHR 1815</marc:subfield>
		</marc:datafield>
		<marc:datafield ind1="2" ind2=" " tag="710">
			<marc:subfield code="a">Early Novels</marc:subfield>
			<marc:subfield code="5">University of Pennsylvania</marc:subfield>
		</marc:datafield>
		<marc:datafield ind1="2" ind2=" " tag="710">
			<marc:subfield code="a">Collection of British and American Fiction, 1660-1830 (University of Pennsylvania)</marc:subfield>
			<marc:subfield code="9">University of Pennsylvania</marc:subfield>
		</marc:datafield>
		<marc:datafield ind1="8" ind2=" " tag="852">
			<marc:subfield code="b">scrare</marc:subfield>
			<marc:subfield code="h">FC75</marc:subfield>
			<marc:subfield code="i">C8284 Eg815e</marc:subfield>
			<marc:subfield code="x">48-281</marc:subfield>
		</marc:datafield>
		<marc:datafield ind1=" " ind2=" " tag="998">
			<marc:subfield code="s">9124</marc:subfield>
		</marc:datafield>
	</marc:record>