
	<marc:record>
		<marc:leader>01606cam a2200373 a 4500</marc:leader>
		<marc:controlfield tag="001">261075</marc:controlfield>
		<marc:controlfield tag="005">20130319170412.0</marc:controlfield>
		<marc:controlfield tag="008">831012s1818    mdu           000 0 eng d</marc:controlfield>
		<marc:datafield ind1=" " ind2=" " tag="010">
			<marc:subfield code="a">30020900 </marc:subfield>
		</marc:datafield>
		<marc:datafield ind1=" " ind2=" " tag="035">
			<marc:subfield code="a">(PUVoyagerBIBID)3766344</marc:subfield>
		</marc:datafield>
		<marc:datafield ind1=" " ind2=" " tag="035">
			<marc:subfield code="a">(MediadbVoyBIBID)261075</marc:subfield>
		</marc:datafield>
		<marc:datafield ind1=" " ind2=" " tag="035">
			<marc:subfield code="a">(END)814_oi13_v1</marc:subfield>
		</marc:datafield>
		<marc:datafield ind1=" " ind2=" " tag="035">
			<marc:subfield code="a">(END)814_oi13_v2</marc:subfield>
		</marc:datafield>
		<marc:datafield ind1=" " ind2=" " tag="040">
			<marc:subfield code="a">MdBJ</marc:subfield>
			<marc:subfield code="c">MdBJ</marc:subfield>
			<marc:subfield code="d">PU</marc:subfield>
		</marc:datafield>
		<marc:datafield ind1=" " ind2=" " tag="043">
			<marc:subfield code="a">n-us-va</marc:subfield>
		</marc:datafield>
		<marc:datafield ind1=" " ind2=" " tag="050">
			<marc:subfield code="a">PS687</marc:subfield>
			<marc:subfield code="b">.O5 1818a</marc:subfield>
		</marc:datafield>
		<marc:datafield ind1="0" ind2="4" tag="245">
			<marc:subfield code="a">The old bachelor.</marc:subfield>
		</marc:datafield>
		<marc:datafield ind1="0" ind2=" " tag="260">
			<marc:subfield code="a">Baltimore [Md.] :</marc:subfield>
			<marc:subfield code="b">Fielding Lucas, Jun.,</marc:subfield>
			<marc:subfield code="c">[1818]</marc:subfield>
			<marc:subfield code="e">([Baltimore] :</marc:subfield>
			<marc:subfield code="f">J. Robinson)</marc:subfield>
			<marc:subfield code="a">[Baltimore]</marc:subfield>
		</marc:datafield>
		<marc:datafield ind1=" " ind2=" " tag="300">
			<marc:subfield code="a">2 v. ;</marc:subfield>
			<marc:subfield code="c">13 cm.</marc:subfield>
			<marc:subfield code="a">[2 v.]</marc:subfield>
		</marc:datafield>
		<marc:datafield ind1=" " ind2=" " tag="500">
			<marc:subfield code="a">Imprimatur dated: ""this third day of February in the forty-second year of independence ... "</marc:subfield>
		</marc:datafield>
		<marc:datafield ind1=" " ind2=" " tag="500">
			<marc:subfield code="a">Thirty-three essays reprinted from the Richmond Enquirer; written by William Wirt, Dabney Carr, St. George Tucker and others, modelled after those of the Spectator.  Some of the essays are signed with fictitious names. Cf. J.P. Kennedy\\\'s Life of William Wirt, 1849, v.1. p. 295-296.</marc:subfield>
		</marc:datafield>
		<marc:datafield ind1="4" ind2=" " tag="510">
			<marc:subfield code="a">Halkett &amp; Laing (2nd ed.)</marc:subfield>
			<marc:subfield code="c">IV, 243</marc:subfield>
		</marc:datafield>
		<marc:datafield ind1="4" ind2=" " tag="510">
			<marc:subfield code="a">Shaw &amp; Shoemaker</marc:subfield>
			<marc:subfield code="c">46837.</marc:subfield>
		</marc:datafield>
		<marc:datafield ind1=" " ind2="4" tag="650">
			<marc:subfield code="a">CHR 1818</marc:subfield>
		</marc:datafield>
		<marc:datafield ind1=" " ind2="0" tag="651">
			<marc:subfield code="a">Virginia</marc:subfield>
			<marc:subfield code="x">Social life and customs.</marc:subfield>
		</marc:datafield>
		<marc:datafield ind1="1" ind2="0" tag="700">
			<marc:subfield code="a">Wirt, William,</marc:subfield>
			<marc:subfield code="d">1772-1834.</marc:subfield>
		</marc:datafield>
		<marc:datafield ind1="1" ind2="0" tag="700">
			<marc:subfield code="a">Carr, Dabney,</marc:subfield>
			<marc:subfield code="d">1773-1837.</marc:subfield>
		</marc:datafield>
		<marc:datafield ind1="1" ind2="0" tag="700">
			<marc:subfield code="a">Tucker, St. George,</marc:subfield>
			<marc:subfield code="d">1752-1828.</marc:subfield>
		</marc:datafield>
		<marc:datafield ind1="2" ind2=" " tag="710">
			<marc:subfield code="a">Early Novels</marc:subfield>
			<marc:subfield code="5">University of Pennsylvania</marc:subfield>
		</marc:datafield>
		<marc:datafield ind1="2" ind2=" " tag="710">
			<marc:subfield code="a">Richmond enquirer.</marc:subfield>
		</marc:datafield>
		<marc:datafield ind1="2" ind2=" " tag="710">
			<marc:subfield code="a">Collection of British and American Fiction, 1660-1830 (University of Pennsylvania)</marc:subfield>
			<marc:subfield code="9">University of Pennsylvania</marc:subfield>
		</marc:datafield>
		<marc:datafield ind1="1" ind2=" " tag="852">
			<marc:subfield code="b">scrare</marc:subfield>
			<marc:subfield code="h">814</marc:subfield>
			<marc:subfield code="i">Ol13</marc:subfield>
			<marc:subfield code="x">24F41 (33038) Norris Fd.</marc:subfield>
		</marc:datafield>
		<marc:datafield ind1="4" ind2="1" tag="866">
			<marc:subfield code="8">0</marc:subfield>
			<marc:subfield code="a">v.1-2</marc:subfield>
		</marc:datafield>
		<marc:datafield ind1=" " ind2=" " tag="998">
			<marc:subfield code="s">9114</marc:subfield>
		</marc:datafield>
	</marc:record>