
	<marc:record>
		<marc:leader>01742cam a2200325 i 4500</marc:leader>
		<marc:controlfield tag="001">261077</marc:controlfield>
		<marc:controlfield tag="005">20130214164951.0</marc:controlfield>
		<marc:controlfield tag="008">751027s1815    enk           000 0 eng  </marc:controlfield>
		<marc:datafield ind1=" " ind2=" " tag="010">
			<marc:subfield code="a">16007274 </marc:subfield>
		</marc:datafield>
		<marc:datafield ind1=" " ind2=" " tag="035">
			<marc:subfield code="a">(PUVoyagerBIBID)3767008</marc:subfield>
		</marc:datafield>
		<marc:datafield ind1=" " ind2=" " tag="035">
			<marc:subfield code="a">(MediadbVoyBIBID)261077</marc:subfield>
		</marc:datafield>
		<marc:datafield ind1=" " ind2=" " tag="035">
			<marc:subfield code="a">(END)pr1121_b7</marc:subfield>
		</marc:datafield>
		<marc:datafield ind1=" " ind2=" " tag="040">
			<marc:subfield code="a">DLC</marc:subfield>
			<marc:subfield code="c">WTU</marc:subfield>
			<marc:subfield code="d">CGU</marc:subfield>
			<marc:subfield code="d">CStRLIN</marc:subfield>
			<marc:subfield code="d">PAU</marc:subfield>
		</marc:datafield>
		<marc:datafield ind1="0" ind2=" " tag="050">
			<marc:subfield code="a">PR1121</marc:subfield>
			<marc:subfield code="b">.B7</marc:subfield>
		</marc:datafield>
		<marc:datafield ind1="1" ind2=" " tag="100">
			<marc:subfield code="a">Brydges, Egerton</marc:subfield>
			<marc:subfield code="c">Sir,</marc:subfield>
			<marc:subfield code="d">1762-1837.</marc:subfield>
			<marc:subfield code="e">ed.</marc:subfield>
		</marc:datafield>
		<marc:datafield ind1="1" ind2="0" tag="245">
			<marc:subfield code="a">Archaica :</marc:subfield>
			<marc:subfield code="b">Containing a reprint of scarce old English prose tracts /</marc:subfield>
			<marc:subfield code="c">With prefaces, critical and biographical, by Sir E. Brydges, bart., M.P.</marc:subfield>
		</marc:datafield>
		<marc:datafield ind1=" " ind2=" " tag="260">
			<marc:subfield code="a">London :</marc:subfield>
			<marc:subfield code="b">From the Private Press of Longman, Hurst, Rees, Orme, and Brown, printed by T. Davison,</marc:subfield>
			<marc:subfield code="c">1815.</marc:subfield>
			<marc:subfield code="a">[London]</marc:subfield>
		</marc:datafield>
		<marc:datafield ind1=" " ind2=" " tag="300">
			<marc:subfield code="a">2 v. ;</marc:subfield>
			<marc:subfield code="c">28 cm.</marc:subfield>
			<marc:subfield code="a">[2 v.]</marc:subfield>
		</marc:datafield>
		<marc:datafield ind1=" " ind2=" " tag="500">
			<marc:subfield code="a">Title vignettes.</marc:subfield>
		</marc:datafield>
		<marc:datafield ind1=" " ind2=" " tag="500">
			<marc:subfield code="a">With reproductions of original title-pages.</marc:subfield>
		</marc:datafield>
		<marc:datafield ind1=" " ind2=" " tag="500">
			<marc:subfield code="a">Issued in 9 parts, each part paged separately; not bound consecutively.</marc:subfield>
		</marc:datafield>
		<marc:datafield ind1="0" ind2=" " tag="505">
			<marc:subfield code="a">v. 1. Greene\\\'s Philomela. Greene\\\'s Arcadia. Southwell\\\'s The triumphs over death. Breton\\\'s Characters, and his Good and bad. Nash\\\'s Christ\\\'s tears over Jerusalem.--v. 2. Harvey\\\'s Four letters, and sonnets, touching Robert Greene; Pierce\\\'s supererogation; [and] New letter of notable contents. Brathwaite\\\'s Essays upon the five senses.</marc:subfield>
		</marc:datafield>
		<marc:datafield ind1=" " ind2="0" tag="650">
			<marc:subfield code="a">English prose literature</marc:subfield>
			<marc:subfield code="y">Early modern, 1500-1700</marc:subfield>
		</marc:datafield>
		<marc:datafield ind1=" " ind2="4" tag="650">
			<marc:subfield code="a">CHR 1815</marc:subfield>
		</marc:datafield>
		<marc:datafield ind1=" " ind2="4" tag="650">
			<marc:subfield code="a">PRO Rosengarten, J.G. (donor)</marc:subfield>
		</marc:datafield>
		<marc:datafield ind1="2" ind2=" " tag="710">
			<marc:subfield code="a">Early Novels</marc:subfield>
			<marc:subfield code="5">University of Pennsylvania</marc:subfield>
		</marc:datafield>
		<marc:datafield ind1="2" ind2=" " tag="710">
			<marc:subfield code="a">Collection of British and American Fiction, 1660-1830 (University of Pennsylvania)</marc:subfield>
			<marc:subfield code="9">University of Pennsylvania</marc:subfield>
		</marc:datafield>
		<marc:datafield ind1="0" ind2=" " tag="852">
			<marc:subfield code="b">scrare</marc:subfield>
			<marc:subfield code="h">PR1121</marc:subfield>
			<marc:subfield code="i">.B7</marc:subfield>
			<marc:subfield code="x">Recl. fr. 828C/B843.3</marc:subfield>
			<marc:subfield code="x">g. J.G. Rosengarten</marc:subfield>
			<marc:subfield code="x">191515-191516</marc:subfield>
		</marc:datafield>
		<marc:datafield ind1="4" ind2="1" tag="866">
			<marc:subfield code="8">0</marc:subfield>
			<marc:subfield code="a">v.1-2</marc:subfield>
		</marc:datafield>
		<marc:datafield ind1=" " ind2=" " tag="998">
			<marc:subfield code="s">9115</marc:subfield>
		</marc:datafield>
	</marc:record>