
	<marc:record>
		<marc:leader>01529cam a2200337 a 4500</marc:leader>
		<marc:controlfield tag="001">261085</marc:controlfield>
		<marc:controlfield tag="005">20130227140111.0</marc:controlfield>
		<marc:controlfield tag="008">820331s1818    enkf   j      000 1 eng d</marc:controlfield>
		<marc:datafield ind1=" " ind2=" " tag="035">
			<marc:subfield code="a">(PUVoyagerBIBID)3866542</marc:subfield>
		</marc:datafield>
		<marc:datafield ind1=" " ind2=" " tag="035">
			<marc:subfield code="a">(MediadbVoyBIBID)261085</marc:subfield>
		</marc:datafield>
		<marc:datafield ind1=" " ind2=" " tag="035">
			<marc:subfield code="a">(END)sm_pr5549_t23_h3_1818</marc:subfield>
		</marc:datafield>
		<marc:datafield ind1="1" ind2=" " tag="100">
			<marc:subfield code="a">Taylor, Jefferys</marc:subfield>
			<marc:subfield code="d">1792-1853</marc:subfield>
		</marc:datafield>
		<marc:datafield ind1=" " ind2="4" tag="050">
			<marc:subfield code="a">PR5549.T23</marc:subfield>
			<marc:subfield code="b">H3 1818</marc:subfield>
		</marc:datafield>
		<marc:datafield ind1="1" ind2="0" tag="245">
			<marc:subfield code="a">Harry\\\'s holiday, or, The doings of one who had nothing to do /</marc:subfield>
			<marc:subfield code="c">by Jefferys Taylor ; with a preface by Miss Jane Taylor, author of Nursery rhymes, Hymns for infants, &amp;c</marc:subfield>
		</marc:datafield>
		<marc:datafield ind1="3" ind2=" " tag="246">
			<marc:subfield code="a">Harry\\\'s holiday</marc:subfield>
		</marc:datafield>
		<marc:datafield ind1="3" ind2=" " tag="246">
			<marc:subfield code="a">Doings of one who had nothing to do</marc:subfield>
		</marc:datafield>
		<marc:datafield ind1=" " ind2=" " tag="260">
			<marc:subfield code="a">London :</marc:subfield>
			<marc:subfield code="b">Printed for Rest Fenner, Paternoster-Row,</marc:subfield>
			<marc:subfield code="c">1818.</marc:subfield>
			<marc:subfield code="a">[London]</marc:subfield>
		</marc:datafield>
		<marc:datafield ind1=" " ind2=" " tag="300">
			<marc:subfield code="a">vi, 142, [2] p., [1] leaf of plates :</marc:subfield>
			<marc:subfield code="b">ill. (engraving) ;</marc:subfield>
			<marc:subfield code="c">15 cm.</marc:subfield>
			<marc:subfield code="a">[1 v.]</marc:subfield>
		</marc:datafield>
		<marc:datafield ind1=" " ind2=" " tag="500">
			<marc:subfield code="a">At foot of p. 142: S. Curtis, Camberwell Press.</marc:subfield>
		</marc:datafield>
		<marc:datafield ind1=" " ind2=" " tag="500">
			<marc:subfield code="a">Frontispiece included in pagination.</marc:subfield>
		</marc:datafield>
		<marc:datafield ind1=" " ind2=" " tag="500">
			<marc:subfield code="a">Advertisements: [2] p. at end.</marc:subfield>
		</marc:datafield>
		<marc:datafield ind1="4" ind2=" " tag="510">
			<marc:subfield code="a">Stewart, C.D. Taylors of Ongar,</marc:subfield>
			<marc:subfield code="c">A25a</marc:subfield>
		</marc:datafield>
		<marc:datafield ind1="4" ind2=" " tag="510">
			<marc:subfield code="a">Block, A. Engl. novel (1961 ed.),</marc:subfield>
			<marc:subfield code="c">p.233</marc:subfield>
		</marc:datafield>
		<marc:datafield ind1=" " ind2="0" tag="650">
			<marc:subfield code="a">Conduct of life</marc:subfield>
			<marc:subfield code="v">Juvenile literature.</marc:subfield>
		</marc:datafield>
		<marc:datafield ind1=" " ind2="0" tag="650">
			<marc:subfield code="a">Boys</marc:subfield>
			<marc:subfield code="x">Conduct of life.</marc:subfield>
		</marc:datafield>
		<marc:datafield ind1=" " ind2="4" tag="650">
			<marc:subfield code="a">CHR 1818</marc:subfield>
		</marc:datafield>
		<marc:datafield ind1=" " ind2="7" tag="656">
			<marc:subfield code="a">Advertisements</marc:subfield>
			<marc:subfield code="z">Great Britain</marc:subfield>
			<marc:subfield code="z">London</marc:subfield>
			<marc:subfield code="y">19th century.</marc:subfield>
			<marc:subfield code="2">rbgenr</marc:subfield>
		</marc:datafield>
		<marc:datafield ind1="1" ind2=" " tag="700">
			<marc:subfield code="a">Taylor, Jane,</marc:subfield>
			<marc:subfield code="d">1783-1824</marc:subfield>
		</marc:datafield>
		<marc:datafield ind1="2" ind2=" " tag="710">
			<marc:subfield code="a">Early Novels</marc:subfield>
			<marc:subfield code="5">University of Pennsylvania</marc:subfield>
		</marc:datafield>
		<marc:datafield ind1="2" ind2=" " tag="710">
			<marc:subfield code="a">Collection of British and American Fiction, 1660-1830 (University of Pennsylvania)</marc:subfield>
			<marc:subfield code="9">University of Pennsylvania</marc:subfield>
		</marc:datafield>
		<marc:datafield ind1="0" ind2=" " tag="852">
			<marc:subfield code="b">scsing</marc:subfield>
			<marc:subfield code="h">PR5549.T23</marc:subfield>
			<marc:subfield code="i">H3 1818</marc:subfield>
			<marc:subfield code="x">po241752</marc:subfield>
		</marc:datafield>
	</marc:record>