
	<marc:record>
		<marc:leader>01347cam a2200325 i 4500</marc:leader>
		<marc:controlfield tag="001">261086</marc:controlfield>
		<marc:controlfield tag="005">20130321165501.0</marc:controlfield>
		<marc:controlfield tag="008">800312s1815    enk           000 1 eng d</marc:controlfield>
		<marc:datafield ind1=" " ind2=" " tag="035">
			<marc:subfield code="a">(PUVoyagerBIBID)3866544</marc:subfield>
		</marc:datafield>
		<marc:datafield ind1=" " ind2=" " tag="035">
			<marc:subfield code="a">(MediadbVoyBIBID)261086</marc:subfield>
		</marc:datafield>
		<marc:datafield ind1=" " ind2=" " tag="035">
			<marc:subfield code="a">(END)sm_pr3991_a7_s62_1815</marc:subfield>
		</marc:datafield>
		<marc:datafield ind1=" " ind2=" " tag="040">
			<marc:subfield code="a">EMU</marc:subfield>
			<marc:subfield code="c">EMU</marc:subfield>
			<marc:subfield code="d">PUL</marc:subfield>
			<marc:subfield code="d">PU</marc:subfield>
		</marc:datafield>
		<marc:datafield ind1=" " ind2="4" tag="050">
			<marc:subfield code="a">PR3991.A7</marc:subfield>
			<marc:subfield code="b">S62 1815</marc:subfield>
		</marc:datafield>
		<marc:datafield ind1="0" ind2="0" tag="245">
			<marc:subfield code="a">Varieties of life, or, Conduct and consequences :</marc:subfield>
			<marc:subfield code="b">A novel /</marc:subfield>
			<marc:subfield code="c">By the author of ""Sketches of character."</marc:subfield>
		</marc:datafield>
		<marc:datafield ind1="3" ind2="0" tag="246">
			<marc:subfield code="a">Conduct and consequences</marc:subfield>
		</marc:datafield>
		<marc:datafield ind1=" " ind2=" " tag="260">
			<marc:subfield code="a">London :</marc:subfield>
			<marc:subfield code="b">Printed for Longman, Hurst, Rees, Orme, and Brown,</marc:subfield>
			<marc:subfield code="c">1815.</marc:subfield>
			<marc:subfield code="a">[London]</marc:subfield>
		</marc:datafield>
		<marc:datafield ind1=" " ind2=" " tag="300">
			<marc:subfield code="a">3 v. ;</marc:subfield>
			<marc:subfield code="c">18 cm.</marc:subfield>
			<marc:subfield code="a">[3 v.]</marc:subfield>
		</marc:datafield>
		<marc:datafield ind1=" " ind2=" " tag="500">
			<marc:subfield code="a">""Sketches of character"" attributed to R. B. Sheridan, or Amelia Opie."</marc:subfield>
		</marc:datafield>
		<marc:datafield ind1="4" ind2=" " tag="510">
			<marc:subfield code="a">English novel, 1770-1829,</marc:subfield>
			<marc:subfield code="c">1815:12</marc:subfield>
		</marc:datafield>
		<marc:datafield ind1="4" ind2=" " tag="510">
			<marc:subfield code="a">Block, A. Engl. novel (1961 ed.),</marc:subfield>
			<marc:subfield code="c">p.243</marc:subfield>
		</marc:datafield>
		<marc:datafield ind1=" " ind2="4" tag="650">
			<marc:subfield code="a">CHR 1815</marc:subfield>
		</marc:datafield>
		<marc:datafield ind1=" " ind2="4" tag="650">
			<marc:subfield code="a">PRO Renier, Anne (bookplate)</marc:subfield>
		</marc:datafield>
		<marc:datafield ind1=" " ind2="4" tag="650">
			<marc:subfield code="a">PRO Renier, F.G. (bookplate)</marc:subfield>
		</marc:datafield>
		<marc:datafield ind1="0" ind2=" " tag="700">
			<marc:subfield code="a">Author of Sketches of character.</marc:subfield>
		</marc:datafield>
		<marc:datafield ind1="1" ind2=" " tag="700">
			<marc:subfield code="a">Sheridan, Richard Brinsley,</marc:subfield>
			<marc:subfield code="d">1751-1816.</marc:subfield>
		</marc:datafield>
		<marc:datafield ind1="1" ind2=" " tag="700">
			<marc:subfield code="a">Opie, Amelia Alderson,</marc:subfield>
			<marc:subfield code="d">1769-1853.</marc:subfield>
		</marc:datafield>
		<marc:datafield ind1="2" ind2=" " tag="710">
			<marc:subfield code="a">Early Novels</marc:subfield>
			<marc:subfield code="5">University of Pennsylvania</marc:subfield>
		</marc:datafield>
		<marc:datafield ind1="2" ind2=" " tag="710">
			<marc:subfield code="a">Collection of British and American Fiction, 1660-1830 (University of Pennsylvania)</marc:subfield>
			<marc:subfield code="9">University of Pennsylvania</marc:subfield>
		</marc:datafield>
		<marc:datafield ind1="0" ind2=" " tag="852">
			<marc:subfield code="b">scsing</marc:subfield>
			<marc:subfield code="h">PR3991.A7</marc:subfield>
			<marc:subfield code="i">S62 1815</marc:subfield>
			<marc:subfield code="x">po 241754</marc:subfield>
		</marc:datafield>
		<marc:datafield ind1="4" ind2="1" tag="866">
			<marc:subfield code="8">0</marc:subfield>
			<marc:subfield code="a">v.1-3</marc:subfield>
		</marc:datafield>
	</marc:record>