
	<marc:record>
		<marc:leader>02072cam a2200301 i 4500</marc:leader>
		<marc:controlfield tag="001">261099</marc:controlfield>
		<marc:controlfield tag="005">20130221165825.0</marc:controlfield>
		<marc:controlfield tag="008">061002s1818    paua          000 0 eng d</marc:controlfield>
		<marc:datafield ind1=" " ind2=" " tag="035">
			<marc:subfield code="a">(PUVoyagerBIBID)4046203</marc:subfield>
		</marc:datafield>
		<marc:datafield ind1=" " ind2=" " tag="035">
			<marc:subfield code="a">(MediadbVoyBIBID)261099</marc:subfield>
		</marc:datafield>
		<marc:datafield ind1=" " ind2=" " tag="035">
			<marc:subfield code="a">(END)818_w416d</marc:subfield>
		</marc:datafield>
		<marc:datafield ind1=" " ind2=" " tag="040">
			<marc:subfield code="a">CSt</marc:subfield>
			<marc:subfield code="c">CSt</marc:subfield>
			<marc:subfield code="d">PU</marc:subfield>
		</marc:datafield>
		<marc:datafield ind1="1" ind2="0" tag="100">
			<marc:subfield code="a">Weems, M. L</marc:subfield>
			<marc:subfield code="q">(Mason Locke),</marc:subfield>
			<marc:subfield code="d">1759-1825.</marc:subfield>
		</marc:datafield>
		<marc:datafield ind1="1" ind2="4" tag="245">
			<marc:subfield code="a">The drunkard\\\'s looking glass :</marc:subfield>
			<marc:subfield code="b">reflecting a faithful likeness of the drunkard, in sundry very interesting attitudes, with lively representations of the many strange capers which he cuts at different stages of his disease : as first, when he has only ""a drop in his eye,"" second, when he is ""half shaved,"" third, when he is getting ""a little on the staggers or so,"" and fourth, and fifth, and so on, till he is ""quite capsized,"" or ""snug under the table with the dogs,"" and can ""stick to the floor without holding on."" /</marc:subfield>
			<marc:subfield code="c">By M.L. Weems ..."</marc:subfield>
		</marc:datafield>
		<marc:datafield ind1=" " ind2=" " tag="250">
			<marc:subfield code="a">Sixth edition, greatly improved.</marc:subfield>
		</marc:datafield>
		<marc:datafield ind1="0" ind2=" " tag="260">
			<marc:subfield code="a">[Philadelphia?] :</marc:subfield>
			<marc:subfield code="b">Printed for the Author,</marc:subfield>
			<marc:subfield code="c">1818.</marc:subfield>
			<marc:subfield code="a">[Philadelphia]</marc:subfield>
		</marc:datafield>
		<marc:datafield ind1=" " ind2=" " tag="300">
			<marc:subfield code="a">63 p., [1] leaf of plates :</marc:subfield>
			<marc:subfield code="b">ill. ;</marc:subfield>
			<marc:subfield code="c">24 cm.</marc:subfield>
			<marc:subfield code="a">[1 v.]</marc:subfield>
		</marc:datafield>
		<marc:datafield ind1=" " ind2=" " tag="500">
			<marc:subfield code="a">First edition published in 1812 under title: God\\\'s revenge against drunkenness.</marc:subfield>
		</marc:datafield>
		<marc:datafield ind1=" " ind2=" " tag="500">
			<marc:subfield code="a">Printed blue paper covers.</marc:subfield>
		</marc:datafield>
		<marc:datafield ind1="4" ind2=" " tag="510">
			<marc:subfield code="a">Shaw &amp; Shoemaker</marc:subfield>
			<marc:subfield code="c">46749.</marc:subfield>
		</marc:datafield>
		<marc:datafield ind1=" " ind2=" " tag="590">
			<marc:subfield code="a">Bound with: Weems, M. L. (Mason Locke). God\\\'s revenge against gambling. Philadelphia : Printed for the Author, 1822. --  Weems, M. L. (Mason Locke). God\\\'s revenge against murder, or, The drown\\\'d wife. Philadelphia : Printed for the Author, 1823. --  Weems, M. L. (Mason Locke). God\\\'s revenge against adultery. Philadelphia : Printed for the Author, 1818.</marc:subfield>
		</marc:datafield>
		<marc:datafield ind1=" " ind2="0" tag="650">
			<marc:subfield code="a">Temperance</marc:subfield>
		</marc:datafield>
		<marc:datafield ind1=" " ind2="4" tag="650">
			<marc:subfield code="a">CHR 1818</marc:subfield>
		</marc:datafield>
		<marc:datafield ind1=" " ind2="4" tag="650">
			<marc:subfield code="a">PRO Ritchie, Craig D. (autograph) (bookplate)</marc:subfield>
		</marc:datafield>
		<marc:datafield ind1="2" ind2=" " tag="710">
			<marc:subfield code="a">Early Novels</marc:subfield>
			<marc:subfield code="5">University of Pennsylvania</marc:subfield>
		</marc:datafield>
		<marc:datafield ind1="2" ind2=" " tag="710">
			<marc:subfield code="a">Collection of British and American Fiction, 1660-1830 (University of Pennsylvania)</marc:subfield>
			<marc:subfield code="9">University of Pennsylvania</marc:subfield>
		</marc:datafield>
		<marc:datafield ind1="0" ind2="2" tag="740">
			<marc:subfield code="a">God\\\'s revenge against drunkenness.</marc:subfield>
		</marc:datafield>
		<marc:datafield ind1="1" ind2=" " tag="852">
			<marc:subfield code="b">scrare</marc:subfield>
			<marc:subfield code="h">818</marc:subfield>
			<marc:subfield code="i">W416D</marc:subfield>
			<marc:subfield code="x">623973</marc:subfield>
			<marc:subfield code="x">Ritchie bequest</marc:subfield>
		</marc:datafield>
	</marc:record>