
	<marc:record>
		<marc:leader>01630cam a2200313 a 4500</marc:leader>
		<marc:controlfield tag="001">261100</marc:controlfield>
		<marc:controlfield tag="005">20111108114046.0</marc:controlfield>
		<marc:controlfield tag="008">990408s1818    paua          000 0 eng d</marc:controlfield>
		<marc:datafield ind1=" " ind2=" " tag="035">
			<marc:subfield code="a">(PUVoyagerBIBID)4046445</marc:subfield>
		</marc:datafield>
		<marc:datafield ind1=" " ind2=" " tag="035">
			<marc:subfield code="a">(MediadbVoyBIBID)261100</marc:subfield>
		</marc:datafield>
		<marc:datafield ind1=" " ind2=" " tag="035">
			<marc:subfield code="a">(END)818_w416d</marc:subfield>
		</marc:datafield>
		<marc:datafield ind1=" " ind2=" " tag="040">
			<marc:subfield code="a">NjP</marc:subfield>
			<marc:subfield code="c">NjP</marc:subfield>
			<marc:subfield code="d">PPL</marc:subfield>
			<marc:subfield code="e">dcrb</marc:subfield>
			<marc:subfield code="d">PU</marc:subfield>
		</marc:datafield>
		<marc:datafield ind1="1" ind2=" " tag="100">
			<marc:subfield code="a">Weems, M. L</marc:subfield>
			<marc:subfield code="q">(Mason Locke),</marc:subfield>
			<marc:subfield code="d">1759-1825.</marc:subfield>
		</marc:datafield>
		<marc:datafield ind1="1" ind2="0" tag="245">
			<marc:subfield code="a">God\\\'s revenge against adultery :</marc:subfield>
			<marc:subfield code="b">awfully exemplified in the following cases of American crim. con. I. The accomplished Dr. Theodore Wilson, (Deleware,) who for seducing Mrs. Nancy Wiley, had his brains blown out by her husband. II. The elegant James O\\\'Neale, Esq. (North Carolina,) who for seducing the beautiful Miss Matilda L\\\'Estrange, was killed by her brother /</marc:subfield>
			<marc:subfield code="c">By Mason L. Weems, author of The life of Washington.</marc:subfield>
		</marc:datafield>
		<marc:datafield ind1=" " ind2=" " tag="250">
			<marc:subfield code="a">Third edition.</marc:subfield>
		</marc:datafield>
		<marc:datafield ind1=" " ind2=" " tag="260">
			<marc:subfield code="a">Philadelphia :</marc:subfield>
			<marc:subfield code="b">Printed for the Author,</marc:subfield>
			<marc:subfield code="c">1818.</marc:subfield>
			<marc:subfield code="a">[Philadelphia]</marc:subfield>
		</marc:datafield>
		<marc:datafield ind1=" " ind2=" " tag="300">
			<marc:subfield code="a">48 p., [1] leaf of plates :</marc:subfield>
			<marc:subfield code="b">ill. ;</marc:subfield>
			<marc:subfield code="c">22 cm.</marc:subfield>
			<marc:subfield code="a">[1 v.]</marc:subfield>
		</marc:datafield>
		<marc:datafield ind1=" " ind2=" " tag="500">
			<marc:subfield code="a">Printed blue paper covers.</marc:subfield>
		</marc:datafield>
		<marc:datafield ind1="4" ind2=" " tag="510">
			<marc:subfield code="a">Shaw &amp; Shoemaker</marc:subfield>
			<marc:subfield code="c">46750</marc:subfield>
		</marc:datafield>
		<marc:datafield ind1="4" ind2=" " tag="510">
			<marc:subfield code="a">Sabin</marc:subfield>
			<marc:subfield code="c">102470</marc:subfield>
		</marc:datafield>
		<marc:datafield ind1=" " ind2=" " tag="590">
			<marc:subfield code="a">Bound with: Weems, M. L. (Mason Locke). The drunkard\\\'s looking glass. [Philadelphia?] : Printed for the Author, 1818. (Item 4 of 4)</marc:subfield>
		</marc:datafield>
		<marc:datafield ind1=" " ind2="0" tag="650">
			<marc:subfield code="a">Adultery.</marc:subfield>
		</marc:datafield>
		<marc:datafield ind1=" " ind2="0" tag="650">
			<marc:subfield code="a">Seduction.</marc:subfield>
		</marc:datafield>
		<marc:datafield ind1=" " ind2="0" tag="650">
			<marc:subfield code="a">Murder</marc:subfield>
			<marc:subfield code="z">Delaware.</marc:subfield>
		</marc:datafield>
		<marc:datafield ind1=" " ind2="0" tag="650">
			<marc:subfield code="a">Murder</marc:subfield>
			<marc:subfield code="z">North Carolina</marc:subfield>
			<marc:subfield code="z">Wilmington.</marc:subfield>
		</marc:datafield>
		<marc:datafield ind1=" " ind2="4" tag="650">
			<marc:subfield code="a">CHR 1818</marc:subfield>
		</marc:datafield>
		<marc:datafield ind1="2" ind2=" " tag="710">
			<marc:subfield code="a">Early Novels</marc:subfield>
			<marc:subfield code="5">University of Pennsylvania</marc:subfield>
		</marc:datafield>
		<marc:datafield ind1="2" ind2=" " tag="710">
			<marc:subfield code="a">Collection of British and American Fiction, 1660-1830 (University of Pennsylvania)</marc:subfield>
			<marc:subfield code="9">University of Pennsylvania</marc:subfield>
		</marc:datafield>
		<marc:datafield ind1="1" ind2=" " tag="852">
			<marc:subfield code="b">scrare</marc:subfield>
			<marc:subfield code="h">818</marc:subfield>
			<marc:subfield code="i">W416D</marc:subfield>
			<marc:subfield code="x">623973</marc:subfield>
			<marc:subfield code="x">Ritchie bequest</marc:subfield>
		</marc:datafield>
	</marc:record>