
	<marc:record>
		<marc:leader>01539cam a2200337 a 4500</marc:leader>
		<marc:controlfield tag="001">341387</marc:controlfield>
		<marc:controlfield tag="005">20130219174319.0</marc:controlfield>
		<marc:controlfield tag="008">860721s1785    stk           00000 eng d</marc:controlfield>
		<marc:datafield ind1=" " ind2=" " tag="035">
			<marc:subfield code="a">(PUVoyagerBIBID)162481</marc:subfield>
		</marc:datafield>
		<marc:datafield ind1=" " ind2=" " tag="035">
			<marc:subfield code="a">(CStRLIN)PAUG86-B30872</marc:subfield>
		</marc:datafield>
		<marc:datafield ind1=" " ind2=" " tag="035">
			<marc:subfield code="a">(CaOTULAS)146820810</marc:subfield>
		</marc:datafield>
		<marc:datafield ind1=" " ind2=" " tag="035">
			<marc:subfield code="a">(MediadbVoyBIBID)341387</marc:subfield>
		</marc:datafield>
		<marc:datafield ind1=" " ind2=" " tag="035">
			<marc:subfield code="9">AAX9700</marc:subfield>
		</marc:datafield>
		<marc:datafield ind1=" " ind2=" " tag="035">
			<marc:subfield code="a">(END)pr3291_a1_c97_1785</marc:subfield>
		</marc:datafield>
		<marc:datafield ind1=" " ind2=" " tag="040">
			<marc:subfield code="a">PU</marc:subfield>
			<marc:subfield code="c">PU</marc:subfield>
		</marc:datafield>
		<marc:datafield ind1=" " ind2=" " tag="090">
			<marc:subfield code="a">PR3291.A1</marc:subfield>
			<marc:subfield code="b">C97 1785</marc:subfield>
			<marc:subfield code="i">07/21/86 CT</marc:subfield>
		</marc:datafield>
		<marc:datafield ind1="0" ind2="0" tag="245">
			<marc:subfield code="a">Cynthia :</marc:subfield>
			<marc:subfield code="b">with the tragical account of the unfortunate loves of Almerin and Desdemona : being, a novel : illustrated with variety of the chances of fortune, moralized with many useful observations, drawn from thence, whereby the reader may reap both pleasure and profit.</marc:subfield>
		</marc:datafield>
		<marc:datafield ind1="3" ind2="0" tag="246">
			<marc:subfield code="a">Tragical account of the unfortunate loves of Almerin and Desdemona</marc:subfield>
		</marc:datafield>
		<marc:datafield ind1=" " ind2=" " tag="260">
			<marc:subfield code="a">Glasgow :</marc:subfield>
			<marc:subfield code="b">Printed for the booksellers,</marc:subfield>
			<marc:subfield code="c">1785.</marc:subfield>
			<marc:subfield code="a">[Glasgow]</marc:subfield>
		</marc:datafield>
		<marc:datafield ind1=" " ind2=" " tag="300">
			<marc:subfield code="a">94 p. ;</marc:subfield>
			<marc:subfield code="c">16 cm. (8vo)</marc:subfield>
			<marc:subfield code="a">[1 v.]</marc:subfield>
		</marc:datafield>
		<marc:datafield ind1="4" ind2=" " tag="510">
			<marc:subfield code="a">ESTC (RLIN)</marc:subfield>
			<marc:subfield code="c">N4722</marc:subfield>
		</marc:datafield>
		<marc:datafield ind1=" " ind2=" " tag="590">
			<marc:subfield code="a">Imperfect: t. p. and p. 89-94 mutilated, leading to some loss of text.</marc:subfield>
		</marc:datafield>
		<marc:datafield ind1=" " ind2="4" tag="650">
			<marc:subfield code="a">CHR 1785</marc:subfield>
		</marc:datafield>
		<marc:datafield ind1=" " ind2="4" tag="650">
			<marc:subfield code="a">PRO Burr, Charles W. (Charles Walts), 1861- (donor)</marc:subfield>
		</marc:datafield>
		<marc:datafield ind1=" " ind2="4" tag="650">
			<marc:subfield code="a">PRO Russell, Ann (Autograph)</marc:subfield>
		</marc:datafield>
		<marc:datafield ind1="2" ind2=" " tag="710">
			<marc:subfield code="a">Collection of British and American Fiction, 1660-1830 (University of Pennsylvania)</marc:subfield>
		</marc:datafield>
		<marc:datafield ind1="2" ind2=" " tag="710">
			<marc:subfield code="a">Early Novels</marc:subfield>
			<marc:subfield code="5">University of Pennsylvania</marc:subfield>
		</marc:datafield>
		<marc:datafield ind1=" " ind2=" " tag="752">
			<marc:subfield code="a">Scotland</marc:subfield>
			<marc:subfield code="d">Glasgow.</marc:subfield>
		</marc:datafield>
		<marc:datafield ind1="0" ind2="0" tag="852">
			<marc:subfield code="b">scrare</marc:subfield>
			<marc:subfield code="t">1</marc:subfield>
			<marc:subfield code="h">PR3291.A1</marc:subfield>
			<marc:subfield code="i">C97 1785</marc:subfield>
			<marc:subfield code="x">id=9999</marc:subfield>
		</marc:datafield>
		<marc:datafield ind1=" " ind2=" " tag="950">
			<marc:subfield code="l">RBC</marc:subfield>
			<marc:subfield code="i">07/21/86 C</marc:subfield>
		</marc:datafield>
		<marc:datafield ind1=" " ind2=" " tag="955">
			<marc:subfield code="l">RBC</marc:subfield>
			<marc:subfield code="c">1</marc:subfield>
			<marc:subfield code="q">738170</marc:subfield>
			<marc:subfield code="q">g. Dr. Charles W. Burr</marc:subfield>
			<marc:subfield code="s">Ex libris: Russell, Ann</marc:subfield>
			<marc:subfield code="i">07/21/86 C</marc:subfield>
		</marc:datafield>
	</marc:record>