
	<marc:record>
		<marc:leader>02007cam a2200469 a 4500</marc:leader>
		<marc:controlfield tag="001">341455</marc:controlfield>
		<marc:controlfield tag="005">20130228155414.0</marc:controlfield>
		<marc:controlfield tag="008">860627s1784    enk           00000 eng d</marc:controlfield>
		<marc:datafield ind1=" " ind2=" " tag="035">
			<marc:subfield code="a">(PUVoyagerBIBID)159506</marc:subfield>
		</marc:datafield>
		<marc:datafield ind1=" " ind2=" " tag="035">
			<marc:subfield code="a">(CStRLIN)PAUG86-B26897</marc:subfield>
		</marc:datafield>
		<marc:datafield ind1=" " ind2=" " tag="035">
			<marc:subfield code="a">(CaOTULAS)146810282</marc:subfield>
		</marc:datafield>
		<marc:datafield ind1=" " ind2=" " tag="035">
			<marc:subfield code="9">AAX6668</marc:subfield>
		</marc:datafield>
		<marc:datafield ind1=" " ind2=" " tag="035">
			<marc:subfield code="a">(MediadbVoyBIBID)341455</marc:subfield>
		</marc:datafield>
		<marc:datafield ind1=" " ind2=" " tag="035">
			<marc:subfield code="a">(END)sm_pr3991_a1_h573_1784</marc:subfield>
		</marc:datafield>
		<marc:datafield ind1=" " ind2=" " tag="040">
			<marc:subfield code="a">PU</marc:subfield>
			<marc:subfield code="c">PU</marc:subfield>
		</marc:datafield>
		<marc:datafield ind1=" " ind2=" " tag="090">
			<marc:subfield code="a">PR3991.A1</marc:subfield>
			<marc:subfield code="b">H573 1784</marc:subfield>
			<marc:subfield code="i">06/27/86 CT</marc:subfield>
		</marc:datafield>
		<marc:datafield ind1="0" ind2="4" tag="245">
			<marc:subfield code="a">The History of Lord Belford, and Miss Sophia Woodley :</marc:subfield>
			<marc:subfield code="b">in a series of letters.</marc:subfield>
		</marc:datafield>
		<marc:datafield ind1=" " ind2=" " tag="260">
			<marc:subfield code="a">London :</marc:subfield>
			<marc:subfield code="b">Printed for Francis Noble ...,</marc:subfield>
			<marc:subfield code="c">1784.</marc:subfield>
			<marc:subfield code="a">[London]</marc:subfield>
		</marc:datafield>
		<marc:datafield ind1=" " ind2=" " tag="300">
			<marc:subfield code="a">3 v. ;</marc:subfield>
			<marc:subfield code="c">17 cm. (12mo)</marc:subfield>
			<marc:subfield code="a">[3 v.]</marc:subfield>
		</marc:datafield>
		<marc:datafield ind1=" " ind2=" " tag="500">
			<marc:subfield code="a">An epistolary novel.</marc:subfield>
		</marc:datafield>
		<marc:datafield ind1=" " ind2=" " tag="500">
			<marc:subfield code="a">Vol. 1: xii, 227, [1] p.; v. 2: [4], 236 p.; v. 3: 224, [4] p.</marc:subfield>
		</marc:datafield>
		<marc:datafield ind1=" " ind2=" " tag="500">
			<marc:subfield code="a">Advertisements on last p. of v. 1 and p. [1]-[4] at end of v. 3.</marc:subfield>
		</marc:datafield>
		<marc:datafield ind1="4" ind2=" " tag="510">
			<marc:subfield code="a">ESTC (RLIN)</marc:subfield>
			<marc:subfield code="c">T55912</marc:subfield>
		</marc:datafield>
		<marc:datafield ind1="4" ind2=" " tag="510">
			<marc:subfield code="a">English novel, 1770-1829,</marc:subfield>
			<marc:subfield code="c">1784:2</marc:subfield>
		</marc:datafield>
		<marc:datafield ind1="4" ind2=" " tag="510">
			<marc:subfield code="a">Block, A.  Engl. novel (1961 ed.),</marc:subfield>
			<marc:subfield code="c">p.107</marc:subfield>
		</marc:datafield>
		<marc:datafield ind1=" " ind2="7" tag="656">
			<marc:subfield code="a">Epistolary fiction</marc:subfield>
			<marc:subfield code="z">England</marc:subfield>
			<marc:subfield code="y">18th century.</marc:subfield>
			<marc:subfield code="2">rbgenr</marc:subfield>
		</marc:datafield>
		<marc:datafield ind1=" " ind2="7" tag="656">
			<marc:subfield code="a">Booksellers\\\' advertisements</marc:subfield>
			<marc:subfield code="z">England</marc:subfield>
			<marc:subfield code="y">18th century.</marc:subfield>
			<marc:subfield code="2">rbgenr</marc:subfield>
		</marc:datafield>
		<marc:datafield ind1=" " ind2="4" tag="650">
			<marc:subfield code="a">CHR 1784</marc:subfield>
		</marc:datafield>
		<marc:datafield ind1=" " ind2="4" tag="650">
			<marc:subfield code="a">PRO Mendenhall, John C. (donor) (copy 1)</marc:subfield>
		</marc:datafield>
		<marc:datafield ind1=" " ind2="4" tag="650">
			<marc:subfield code="a">PRO Singer, Jacob (donor) (copy 2)</marc:subfield>
		</marc:datafield>
		<marc:datafield ind1=" " ind2="4" tag="650">
			<marc:subfield code="a">PRO Singer, Leah (donor) (copy 2)</marc:subfield>
		</marc:datafield>
		<marc:datafield ind1=" " ind2="4" tag="650">
			<marc:subfield code="a">PRO Singer, Godfrey F. (honoree) (copy 2)</marc:subfield>
		</marc:datafield>
		<marc:datafield ind1="2" ind2=" " tag="710">
			<marc:subfield code="a">Collection of British and American Fiction, 1660-1830 (University of Pennsylvania)</marc:subfield>
		</marc:datafield>
		<marc:datafield ind1="2" ind2=" " tag="710">
			<marc:subfield code="a">Early Novels</marc:subfield>
			<marc:subfield code="5">University of Pennsylvania</marc:subfield>
		</marc:datafield>
		<marc:datafield ind1=" " ind2=" " tag="752">
			<marc:subfield code="a">England</marc:subfield>
			<marc:subfield code="d">London.</marc:subfield>
		</marc:datafield>
		<marc:datafield ind1="0" ind2="1" tag="852">
			<marc:subfield code="b">scsing</marc:subfield>
			<marc:subfield code="t">1</marc:subfield>
			<marc:subfield code="h">PR3991.A1</marc:subfield>
			<marc:subfield code="i">H573 1784</marc:subfield>
			<marc:subfield code="x">g. Dr. John C. Mendenhall</marc:subfield>
		</marc:datafield>
		<marc:datafield ind1="0" ind2="1" tag="852">
			<marc:subfield code="b">scsing</marc:subfield>
			<marc:subfield code="t">2</marc:subfield>
			<marc:subfield code="h">PR3991.A1</marc:subfield>
			<marc:subfield code="i">H573 1784</marc:subfield>
			<marc:subfield code="x">g. Mr. and Mrs. Jacob Singer</marc:subfield>
		</marc:datafield>
		<marc:datafield ind1="3" ind2="0" tag="866">
			<marc:subfield code="8">0</marc:subfield>
			<marc:subfield code="a">3 v.</marc:subfield>
		</marc:datafield>
		<marc:datafield ind1="3" ind2="0" tag="866">
			<marc:subfield code="8">0</marc:subfield>
			<marc:subfield code="a">(v.1-3); id=9999</marc:subfield>
		</marc:datafield>
		<marc:datafield ind1=" " ind2=" " tag="950">
			<marc:subfield code="l">RBC</marc:subfield>
			<marc:subfield code="e">\\\\\\\\Singer-\\\\Menden-\\\\hall\\\\</marc:subfield>
			<marc:subfield code="v">3 v.</marc:subfield>
			<marc:subfield code="i">06/27/86 C</marc:subfield>
		</marc:datafield>
		<marc:datafield ind1=" " ind2=" " tag="955">
			<marc:subfield code="l">RBC</marc:subfield>
			<marc:subfield code="c">1:(v.1-3)</marc:subfield>
			<marc:subfield code="q">50-884</marc:subfield>
			<marc:subfield code="s">g. Dr. John C. Mendenhall</marc:subfield>
			<marc:subfield code="i">06/27/86 C</marc:subfield>
		</marc:datafield>
		<marc:datafield ind1=" " ind2=" " tag="955">
			<marc:subfield code="l">RBC</marc:subfield>
			<marc:subfield code="c">2:(v.1-3)</marc:subfield>
			<marc:subfield code="q">726332-4</marc:subfield>
			<marc:subfield code="s">g. Mr. and Mrs. Jacob Singer</marc:subfield>
			<marc:subfield code="i">06/27/86 C</marc:subfield>
		</marc:datafield>
	</marc:record>